2596 3886
155 144 221 210 240
272 146 421 200 ΗΡΩΒΟΣ
439 141 706 204 mmmm
724 145 997 200 ΠΒΕΤΜΔΤῘΚΩΒ
1012 146 1046 202 Β.

102 326 142 367 σοι
155 308 216 372 τὸν
237 308 280 372 Ν.
326 310 407 372 ἔστω
435 303 473 372 δὲ
497 304 551 372 καὶ
573 306 576 389 ί
597 305 707 392 ἕτερος
730 308 841 390 σωλῆν
864 308 881 373 6
905 306 968 380 ΞΟ
991 324 1167 393 συντετρη-

156 413 254 499 μένος
276 411 338 499 μέν
355 422 400 503 τῷ
420 415 656 500 διαφράγματι,
679 413 810 499 ἀπέχων
828 411 865 478 66
883 412 947 479 ἀπὸ
966 424 1024 499 τῆς
1042 415 1168 498 βάσεως

154 522 277 607 βραχύ,
306 519 349 586 ὀί
378 516 418 587 οὗ
445 523 699 610 πληρωθήσεται
726 520 763 586 τὸ
792 523 854 586 ΓΒ
882 520 1026 604 ἀγγεῖον.
1070 545 1167 589 κατα-

156 627 345 711 ληφθέντος
363 623 425 693 οὖν
443 637 503 693 τοῦ
521 631 560 692 Ν
573 636 730 714 κρουνοῦ,
751 628 768 693 6
788 624 825 692 έν
842 633 888 716 τῷ
908 630 969 692 ΓΒ
988 627 1051 715 ἀῆρ
1071 628 1167 714 ἐκχω-

157 737 250 820 ρῆσει
277 736 333 799 ὀιά
360 743 420 800 τοῦ
443 738 513 798 ΗΘ
539 732 594 799 καὶ
621 743 682 799 τοῦ
705 737 774 797 ΚΛ
799 732 855 799 καί
877 743 935 818 τῆς
954 738 999 800 Μ
1014 735 1098 819 ὀπῆς
1120 738 1168 812 εἰς
1193 759 1207 800 ι

156 843 193 906 τὸ
217 841 316 918 ἐκτός.
357 841 437 908 ὅταν
459 836 522 908 οάν
543 841 705 927 πληρωθῆ
728 841 765 906 τὸ
785 844 847 906 ΓΒ
870 840 1016 925 ἀγγείων,
1037 833 1175 928 πληρώὲ

157 965 266 1031 σωμεν
293 945 348 1012 καί
374 948 412 1011 τὸ
436 952 505 1011 ΑΛ
533 949 589 1013 ὀιά
614 955 672 1030 τῆς
694 951 739 1012 Μ
761 947 855 1031 ὀπῆς·
883 946 901 1013 6
929 950 992 1034 γάρ
1018 947 1056 1013 έν
1077 947 1166 1036 αύτῷ

157 1053 219 1139 ἀὴρ
244 1055 300 1118 ὀιά
322 1061 380 1138 τῆς
401 1053 483 1139 ὀπῆς
507 1053 691 1142 ε’κχωρῆσει.
732 1053 791 1119 έάν
814 1049 876 1119 οὖν
898 1053 1035 1140 ἀφῶμεν
1054 1056 1115 1121 τὸν
1132 1060 1171 1121 Ν

156 1160 302 1246 κρουνὸν
329 1159 433 1246 ῥέειν,
460 1162 507 1237 είς
533 1161 593 1229 τὸν
618 1161 822 1246 κενούμενον
848 1170 910 1227 τοῦ
933 1165 994 1227 ΓΒ
1021 1164 1125 1227 τόπον
1147 1162 1165 1228 6

157 1267 219 1352 ἀὴρ
247 1267 283 1334 έκ
309 1277 370 1334 τοῦ
396 1268 533 1333 ὑελίνου
560 1266 758 1352 ἐπιθέματος
782 1270 1004 1354 μεταγωρῆσει
1028 1269 1084 1334 ὀιά
1106 1279 1166 1335 τοῦ
1180 1293 1206 1332 ιο
1236 1341 1242 1348 1

155 1377 227 1441 ΗΘ
250 1381 410 1458 σωλῆνος*
434 1376 480 1451 εἰς
503 1372 541 1440 δὲ
563 1376 623 1440 τὸν
644 1376 848 1459 κενούμενον
870 1376 991 1440 τούτου
1009 1378 1113 1440 τόπον
1131 1373 1166 1440 έκ
1232 1375 1249 1470 ,¹

156 1491 216 1547 τοῦ
244 1487 313 1545 ΑΔ
340 1481 476 1566 ἀγγείου
502 1481 594 1568 ύθωρ
621 1484 905 1567 προσαναβῆσεται
932 1483 988 1547 ὀιά
1015 1492 1075 1548 τοῦ
1098 1486 1132 1546 Κ
1136 1486 1167 1546 Λ

157 1593 313 1672 Ισωλῆνος.
353 1589 455 1654 πάλιν
477 1584 515 1654 ὀέ
533 1589 580 1664 είς
597 1588 658 1654 τὸν
675 1589 878 1673 κενούμενον
895 1591 1000 1653 τύπον
1016 1597 1077 1653 τοῦ
1096 1594 1128 1653 Α
1133 1594 1166 1652 Λ

156 1695 294 1778 ἀγγείου
320 1694 338 1760 6
367 1694 429 1780 ἀὴρ
458 1696 514 1760 ὀιά
540 1703 598 1778 τῆς
620 1699 665 1759 Μ
682 1694 764 1777 ὀπῆς
785 1695 1084 1780 παρεισελεύσεται·
1110 1693 1166 1759 καὶ

156 1810 255 1868 τοῦτο
279 1801 424 1885 <ίσται>,
447 1803 541 1887 ἀγρις
564 1800 606 1868 ἀν
625 1806 787 1888 πληρωθῆ
806 1802 844 1866 τὸ
862 1800 998 1867 ὑέλινον
1015 1800 1165 1886 ἐπίθεμα.
1181 1824 1206 1864 1⁶

157 2003 217 2062 AB
240 2001 325 2080 βύσις
347 1999 476 2082 κρουνὸν
499 1995 569 2082 παρ’
595 1999 686 2061 αύτόν
709 1999 761 2062 τὸν
784 1999 925 2081 πυθμένα
942 2000 994 2063 τὸν
1013 2004 1052 2062 Ν.
1094 1999 1165 2063 ἔστω

156 2087 190 2150 ἀὲ
215 2088 265 2151 καὶ
287 2087 383 2170 ἕτερος
406 2089 504 2168 σωλῆν
527 2087 543 2150 ὀ
566 2085 623 2155 ΞΟ
645 2088 876 2172 συντετρημένος
898 2100 933 2174 τῆ
956 2113 986 2150 τε
1009 2088 1093 2176 στέγη
1116 2090 1166 2152 καὶ

157 2183 198 2262 τῷ
221 2179 420 2260 διαφράγματι
442 2188 495 2258 τῆς
518 2179 644 2258 βάσεως,
667 2176 782 2260 ἀπέχων
805 2177 837 2240 δὲ
859 2187 912 2258 τῆς
934 2177 1037 2260 στέγης
1060 2181 1165 2260 βραχύ,

158 2260 199 2328 δι’
228 2261 266 2328 οὗ
293 2267 519 2349 πληρωθήσεται
541 2265 573 2328 τὸ
596 2270 651 2327 ΓΒ
674 2266 800 2349 ἀγγεῖον,
844 2265 1086 2347 καταληφθέντος
1109 2259 1165 2329 οὖν

158 2365 210 2418 τοῦ
234 2359 270 2416 Ν
292 2367 438 2438 κρουνοῦ,
466 2353 482 2418 6
510 2354 542 2418 ἕν
569 2361 608 2440 τῷ
631 2359 685 2416 ΓΒ
713 2355 770 2439 ἀὴρ
797 2355 954 2438 έκχωρῆσει
981 2357 1030 2417 ὀιά
1057 2378 1086 2418 τε
1113 2366 1166 2418 τοῦ
1181 2375 1207 2415 ιο

159 2446 227 2505 ΘΗ
257 2444 308 2506 καὶ
342 2457 395 2508 τού
428 2450 493 2506 ΚΛ
523 2445 573 2507 καί
604 2443 645 2506 ἔτι
675 2455 728 2526 τῆς
760 2449 803 2506 Μ
831 2444 906 2526 ὀπῆς
937 2446 980 2518 είς
1011 2445 1043 2506 τὸ
1075 2444 1165 2518 έκτός.

157 2533 350 2613 πληρώσομεν
374 2533 405 2596 δὲ
427 2534 477 2596 καὶ
499 2533 531 2595 τό
555 2539 618 2599 ΑΔ
641 2535 689 2596 διά
711 2544 764 2614 τῆς
787 2539 826 2595 Μ
847 2532 931 2614 ὀπῆς,
954 2544 1007 2598 τού
1030 2533 1062 2598 έν
1086 2534 1166 2619 αύτῷ

156 2619 244 2702 ἀέρος
266 2621 483 2702 ἐκχωρήσαντος
506 2622 555 2683 ὀιά
577 2632 631 2686 τοῦ
655 2627 690 2684 Π
710 2624 857 2703 ὀιαυγίου,
882 2619 898 2684 ὀ
923 2623 993 2703 μετὰ
1014 2622 1069 2702 τῆν
1092 2624 1166 2702 πλῆ-

158 2727 249 2789 ρωσιν
267 2709 485 2794 ἀποφράξομεν.
527 2711 580 2776 ἐὰν
599 2704 655 2774 οάν
673 2711 796 2792 ἀφῶμεν
814 2711 866 2774 τὸν
882 2716 918 2774 Ν
922 2712 1060 2795 κρουνὸν
1078 2711 1166 2793 ῥέειν,

158 2799 201 2871 είς
228 2800 280 2862 τὸν
306 2802 487 2880 κενούμενον
514 2811 567 2870 τοῦ
590 2805 646 2862 ΓΒ
673 2802 765 2864 τόπον
793 2799 809 2862 6
834 2800 892 2881 ἀὴρ
915 2800 947 2864 ἐκ
968 2810 1021 2864 τοῦ
1045 2801 1165 2864 ὀελίνου
1180 2817 1206 2857 25

158 2887 335 2969 ἐπιθέματος
362 2890 555 2971 μεταχωρῆσει
582 2890 631 2953 διὰ
658 2901 711 2952 τοῦ
734 2893 800 2951 ΗΘ
823 2897 967 2970 σωλῆνας·
995 2891 1037 2963 εἰς
1060 2888 1092 2951 ὀὲ
1114 2891 1166 2951 τὸν

158 2979 340 3058 κενούμενον
371 2989 422 3042 τοῦ
455 2979 573 3041 ὀελίνου
605 2979 697 3042 τόπον
729 2978 787 3041 ἀπὸ
816 2989 869 3042 τοῦ
896 2984 959 3040 ΑΔ
986 2977 1105 3060 ἀγγείου
1134 2978 1166 3040 τὸ

158 3066 251 3149 ὑγρὸν
278 3068 533 3150 προσαναβῆσεται
560 3068 609 3130 ὀιά
636 3079 688 3130 τοῦ
711 3072 778 3129 ΛΚ
804 3074 944 3150 σωλῆνας.
991 3067 1088 3147 δεήσει
1111 3060 1167 3130 οὖν

231 3344 379 3401 166AG:
399 3344 472 3414 θῆΤ
544 3345 598 3400 2f.
613 3346 670 3402 ἀπὸ
688 3346 759 3418 <τοῢ
776 3344 943 3420 πυθμένος)
1015 3351 1098 3402 ὀτοῦ
1112 3351 1168 3401 ΚΛ

158 3433 269 3505 scripsi:
296 3443 345 3506 τῆς
370 3424 407 3490 {sl
430 3450 448 3490 ιι
544 3441 613 3490 6-7
636 3436 822 3505 πληρώσωμεν
844 3435 912 3491 AG:
940 3437 1120 3507 πληρώσομεν
1144 3435 1166 3488 Τ

195 3523 311 3596 θβγθ
388 3531 420 3582 11
441 3524 529 3582 τόπον
552 3522 652 3580 τούτου
675 3523 747 3578 tr.T
824 3530 856 3578 14
879 3524 1165 3598 τῆςῖιόπῆςῌάμ
