2598 3886
139 161 202 224 '52
281 163 429 217 ΗΡΩΝΟΣ
448 162 712 223 ΑΔΕΞΑΝΔΡΕΩΣ
731 167 997 220 nmmum
1015 169 1047 221 A.

157 327 237 408 μίσυ
264 325 301 389 τὸ
328 325 447 410 ὑγρόν,
475 324 585 410 ῥεύσει
612 326 631 392 ό
654 329 763 412 σίφαν
786 327 931 412 ὁμαλῶς,
954 327 1015 405 ἕως
1037 328 1080 393 όν
1101 339 1170 394 πᾶν

157 535 262 602 αὐτοῦ
295 534 408 624 ἑτέραν
440 537 538 623 ῥύσιν
569 543 724 621 γίνεσθαι
751 549 808 623 της
837 536 898 624 μέν
927 540 1167 627 προειρημένης

156 643 355 730 ταχυτέραν,
387 644 515 729 ὁμαλὴν
541 641 578 710 δέ
604 644 679 711 καθ’
713 646 826 730 αὑτήν,
850 645 1086 733 έπιστρέψομεν
1108 650 1170 713 τὸν

157 752 304 834 κοχλίαν,
327 752 410 816 ὥστε
428 751 465 815 τὸ
486 754 558 815 ΟΠ
571 754 729 817 κανόνιον
747 755 980 839 ταπεινότερον
997 751 1168 836 γενέσθαι·
1194 771 1208 813 ε

158 858 249 921 ἔσται
276 858 340 943 γὰρ
366 856 387 940 η
415 855 506 933 έκτὸς
532 858 677 943 ὑπεροχὴ
704 867 764 923 τοῦ
793 861 938 943 σίφονος
966 863 1086 944 μείζων
1112 869 1171 945 τῆς
1293 857 1295 874 “

158 964 329 1048 πρότερον.
352 961 406 1028 καὶ
430 963 485 1028 διὰ
508 961 598 1028 τοῦτ’
621 967 712 1029 ἔστιν
734 963 754 1048 ἡ
774 964 868 1050 ῥύσις
886 965 990 1050 ὁμαλὴ
1009 963 1070 1050 μὲν
1088 965 1165 1032 καθ’

159 1068 280 1152 αύτην,
309 1077 367 1152 τῆς
394 1065 430 1134 δὲ
457 1072 619 1155 πρότερον
645 1068 814 1156 ταχυτέρα.
842 1070 900 1138 ἐὰν
929 1069 967 1138 δέ
996 1075 1044 1138 ἔτι
1066 1075 1169 1139 πόλιν

158 1172 341 1261 ταχυτέραν
355 1227 360 1239 .
376 1225 383 1240 .
398 1224 420 1259 .,
452 1174 690 1262 έπεστρὲψομεν
721 1177 781 1242 τὸν
811 1180 947 1263 κοχλίαν
979 1180 1026 1255 είς
1054 1180 1092 1244 τὸ
1121 1182 1170 1245 ἔτι

159 1283 392 1367 ταπεινότερον
410 1279 567 1365 γενέσθαι
584 1283 621 1347 τὸ
639 1286 713 1347 ΟΠ
726 1286 897 1349 κανόνιον·
914 1284 975 1351 ἐὰν
994 1282 1030 1350 δὲ
1044 1287 1169 1372 βραδυ·
1182 1302 1210 1342 1⁰

158 1386 258 1473 τέραν
287 1389 500 1471 βουλώμεθα,
513 1437 521 1452 .
536 1437 565 1453 ..
591 1389 630 1453 τὸ
659 1392 731 1454 ΟΠ
749 1392 907 1456 κανόνιον
929 1390 1094 1477 μετέωρον
1117 1417 1171 1476 γε·
1295 1413 1296 1416 ’

159 1493 296 1560 νέσθαι·
318 1492 373 1559 καί
396 1494 500 1571 οὕτως
523 1495 579 1559 διὰ
602 1497 748 1579 σίφωνος
771 1498 861 1561 ἔσται
883 1496 904 1580 ἡ
926 1496 1021 1582 ῥύσις
1042 1497 1063 1581 ἡ
1086 1501 1169 1563 κατὰ

159 1599 221 1685 μέν
243 1624 275 1665 τι
298 1600 413 1685 ὁμαλή,
435 1603 517 1665 κατὰ
540 1599 579 1665 δέ
598 1624 631 1665 τι
653 1599 834 1685 ἀνώμαλος.

123 1745 124 1750 1
218 1705 292 1771 Ἵνα
323 1702 360 1771 δὲ
386 1707 430 1791 μη
457 1705 512 1772 καί
539 1707 595 1771 διὰ
622 1715 682 1771 τοῦ
710 1709 868 1790 στόματος
896 1707 1005 1773 αὑτῶν
1033 1707 1171 1774 ἐπισπα-

160 1813 295 1896 σύμεθα
318 1813 355 1877 τὸ
377 1811 469 1897 ὕδωρ
493 1850 534 1858 -
558 1808 637 1876 οὐδὲ
659 1813 722 1898 γὰρ
745 1810 799 1877 ἐπὶ
822 1813 956 1877 πάντων
977 1825 1044 1878 τῶν
1066 1816 1211 1900 σιφώ-ιε

160 1942 230 1983 νων
251 1927 349 2002 τοῦτο
373 1919 518 1984 δυνατὸν
540 1921 641 2002 ἔσται,
665 1917 723 1983 έόιν
741 1919 785 2002 μὴ
803 1919 892 1983 πάνυ
910 1918 1022 2005 μικροί
1041 1916 1101 1986 ὦσι
1116 1960 1169 2006 -,
1200 1994 1203 1998 ,

158 2028 342 2111 ποιήσομεν
364 2025 476 2102 οὕτως.

161 2190 267 2271 ὑγρόν,
294 2191 390 2271 ῥεύσει
417 2186 433 2250 ὁ
462 2189 559 2268 σίφων
586 2186 717 2268 ὁμαλῶς,
744 2187 799 2261 ἕως
825 2187 864 2249 ἂν
888 2189 969 2251 ύιταν
990 2197 1110 2275 κενωθῇ
1133 2190 1166 2251 τὸ

160 2278 194 2340 έν
216 2278 295 2362 αύτῷ
318 2277 421 2359 ὑγρόν·
446 2279 515 2340 ὅταν
539 2275 570 2340 δὲ
592 2277 771 2358 βουλώμεθα
789 2272 829 2338 δι’
851 2277 942 2340 αὐτοῦ
961 2277 1061 2361 ἑτέραν
1080 2280 1166 2360 ῥύσιν

160 2364 300 2448 γενέσθαι
321 2375 373 2446 τῆς
396 2364 449 2446 μέν
471 2365 685 2449 προειρημένης
707 2364 874 2448 ταχυτέραν,
899 2364 1012 2447 ὁμαλὴν
1035 2364 1067 2428 δέ
1089 2362 1162 2428 καθ’
1180 2382 1208 2422 2⁰
1288 2384 1297 2395 '

160 2455 270 2534 αὑτήν,
306 2453 468 2537 στρέψομεν
504 2454 555 2517 τόν
590 2458 724 2536 κοχλίαν,
760 2455 831 2516 ὥστε
866 2455 898 2518 τὸ
933 2458 998 2516 ΟΠ
1024 2455 1167 2518 κανόνων

160 2542 364 2625 ταπεινότερον
399 2542 549 2625 γενέσθαι·
587 2543 665 2605 έσται
699 2543 754 2626 γὰρ
787 2541 807 2622 ἡ
840 2543 968 2625 ὑπεροχὴ
1000 2554 1053 2606 τοῦ
1085 2543 1168 2618 έκτὸς

160 2631 282 2705 σκέλους
308 2642 361 2694 τού
388 2632 520 2711 σίφωνος
547 2631 736 2714 ταπεινοτέρα
762 2643 814 2713 τῆς
841 2633 990 2715 πρότερον.
1040 2632 1091 2693 καὶ
1117 2633 1168 2693 διὰ

160 2731 248 2783 τοῦτο
266 2721 345 2782 έσται
361 2717 382 2799 ἡ
400 2722 484 2803 ῥύσις
502 2718 597 2800 ὁμαλὴ
616 2719 670 2801 μὲν
687 2717 760 2782 καθ’
776 2721 881 2800 αότήν,
903 2731 956 2801 τῆς
975 2718 1006 2781 δὲ
1024 2719 1166 2801 πρότερον

159 2808 308 2890 ταχντέρα.
352 2808 405 2870 ἐὰν
433 2807 464 2870 δέ
487 2808 528 2870 έτι
545 2811 633 2870 πόλιν
656 2807 813 2891 ταχυτέραν
835 2810 1013 2889 βουλώμεθα
1035 2817 1167 2888 ποιῆσαι,
1181 2822 1209 2863 ετ

160 2895 325 2979 στρέψομεν
357 2898 445 2958 πόλιν
475 2896 528 2959 τὸν
556 2900 691 2978 κοχλίαν,
722 2897 793 2960 ὥστε
821 2897 869 2958 καί
897 2896 937 2958 ἔτι
964 2895 1168 2976 ταπεινότερον

160 2985 300 3069 γενέσθαι
322 2985 354 3048 τὸ
381 2989 446 3046 ΟΠ
464 2987 618 3049 κανόνιον·
646 2986 698 3048 ἐὰν
722 2983 753 3048 δὲ
776 2983 958 3066 βραδυτέραν
980 2984 1168 3065 βουλώμεθα,

161 3077 250 3137 πόλιν
273 3072 436 3156 στρέψομεν
458 3074 510 3136 τὸν
531 3076 650 3156 κοχλίαν
673 3075 715 3148 εἰς
737 3073 772 3136 τὰ
794 3072 913 3135 έναντία
935 3071 1018 3154 μέρη,
1041 3072 1112 3133 ὥστε
1134 3072 1168 3134 τὸ

165 3168 231 3226 ΟΠ
249 3163 390 3226 κανόνιον
413 3163 622 3246 μετεωρότερον
644 3161 796 3245 γενέσθαι·
818 3161 868 3223 καί
890 3162 984 3235 οὕτως
1004 3159 1169 3242 βραδυτέρα

161 3252 240 3315 ἔσται
261 3251 282 3332 ἡ
305 3255 397 3335 ῥύσις.
438 3253 489 3314 ἵνα
511 3251 542 3315 δέ
565 3252 605 3334 μη
629 3252 685 3323 όιόιΙ
700 3261 752 3313 τοῦ
776 3250 916 3330 στόματος
936 3247 1021 3329 ἡμῶν
1040 3249 1167 3312 ε’ττισπό
1181 3264 1210 3305 8⁰

162 3349 242 3422 μεθα
263 3341 295 3404 τὸ
318 3343 399 3424 ύδωρ
419 3376 460 3384 -
479 3339 549 3404 οὐδέ
572 3342 626 3423 γὰρ
644 3339 693 3402 έπί
710 3340 829 3401 πάντων
846 3348 905 3400 τῶν
924 3340 1064 3417 σιφώνοεν
1081 3349 1168 3402 τοῦτο

163 3431 291 3493 δυνατὸν
318 3431 411 3510 ἔσται,
438 3431 465 3492 εἰ
486 3430 526 3510 μὴ
548 3432 628 3492 πάνυ
652 3428 823 3490 στενότατοι
844 3421 909 3490 εἷεν
924 3462 983 3508 -,
1005 3427 1169 3508 ποιήσομεν

162 3520 266 3592 οὕτως.
1105 3547 1106 3552 ’
