2604 3908
142 193 208 259 408
244 194 394 248 ΗΡΩΝΟΣ
411 190 610 253 ΑΛΕΞΑΝΔΡ.
629 195 716 247 ΠΕΡΙ
735 195 1150 248 ΔἸΤΟΜΑΤΟΠΟΙΗΤΙΚΗΣ.

144 356 245 441 αὐτῆς
281 357 427 421 δυνατόν
458 355 527 421 έστι
558 354 633 441 περὶ
665 357 743 433 τοὺς
774 337 879 432 πόδας
910 355 948 420 έν
979 356 1152 445 γιγγλύμφ

140 463 340 546 κινούμενον
375 464 435 528 τὸν
466 459 527 546 μὲν
558 475 690 548 πρῶτον
721 465 845 548 χρόνον
875 461 1152 547 κατακεκλιμένον

141 563 238 654 εἶναι,
262 570 345 635 ὥστε
367 570 411 654 μὴ
435 572 627 654 φαίνεσθαι,
650 572 761 635 ἔπειτα
783 566 821 634 δὲ
839 570 949 655 ὥσπερ
964 569 1028 635 ὑπὸ
1048 571 1151 656 σπάρ-

140 700 200 742 του
232 677 323 753 τινὸς
355 675 617 760 έπισπασαμένης
649 676 757 761 ὀρθὸν
788 685 935 761 φανῆναι
966 673 1021 741 καὶ
1048 677 1151 742 πάλιν

104 784 205 848 δὺπὸ
244 782 355 869 έτέρας
385 787 634 865 κατακλιθῆναι.
688 785 736 848 έτι
768 779 806 848 δὲ
837 780 892 848 καλ
923 783 1150 867 ὑποσχόμενος
1178 801 1194 842 ο

139 891 223 974 πρὸς
259 891 365 977 τούτῳ
401 890 566 973 κεραυνὸν
600 900 714 954 πεσείυ
750 887 803 955 ἐπὶ
839 891 877 954 τὸ
913 899 973 955 τοῦ
1006 895 1151 967 Αίαντος

140 993 260 1083 ζῴδιον
295 994 350 1061 καλ
386 998 527 1081 βροντῆς
563 990 646 1080 ἦχον
676 995 834 1079 γενέσθαι
867 996 908 1062 οὐ
939 997 1150 1082 κατεχώρισε·

138 1106 275 1178 πολλοῖς
310 1102 373 1186 γὰρ
412 1102 616 1186 συντάγμασι
653 1104 884 1188 περιτυχόντες
916 1102 977 1187 οὐχ
1010 1102 1151 1188 εὕρομεν

139 1217 238 1274 τοῦτο
262 1207 562 1296 ἀναγεγραμμένον.
596 1208 651 1274 καλ
675 1215 754 1287 ίσως
773 1207 861 1288 δόξει
880 1233 929 1286 τις
951 1209 1035 1293 ἡμᾶς
1052 1233 1150 1274 κατα-

138 1313 314 1401 τρέχοντας
340 1324 402 1380 τοῦ
427 1319 579 1392 Φίλωνος
607 1317 801 1401 διαβάλλειν
827 1315 931 1381 αὐτὸν
958 1317 1002 1392 ὡς
1029 1317 1073 1401 μὴ
1094 1318 1149 1382 δε·
1163 1335 1191 1375 ιν

138 1421 327 1506 δυνημέυον
353 1423 413 1506 την
440 1422 621 1507 ὑπόσχεσιν
643 1422 833 1508 ἀπαρτίσαι·
861 1420 932 1489 ἀλλ’
960 1422 1021 1507 οὐχ
1044 1423 1149 1500 οὕτως

102 1531 213 1612 λέχει.
262 1533 396 1594 πολλῶν
433 1525 470 1594 δέ
507 1529 617 1595 οὐσῶν
652 1517 720 1595 τῶν
756 1530 793 1595 έν
820 1539 859 1616 τῇ
888 1527 1038 1596 διαθέσει
1067 1530 1149 1595 ὑπο-

138 1634 297 1720 σχέσεων,
343 1641 421 1713 ίσως
467 1638 590 1702 ἔλαθεν
630 1635 733 1702 αὐτὸν
776 1636 1013 1722 ἀναγράφοντα
1057 1635 1149 1719 αὕτη.

137 1742 284 1808 δυνατὸν
310 1743 373 1829 γάρ
402 1741 492 1808 έστιν
519 1742 655 1825 ἀγγεῖόν
681 1767 714 1808 τι
737 1742 774 1807 έν
797 1743 886 1830 αὑτῷ
909 1746 1048 1827 σφαιρία
1071 1745 1149 1828 έχον

137 1852 258 1933 μολιβᾶ
280 1847 335 1914 καὶ
359 1851 435 1932 ἔχον
457 1848 703 1934 τετρυπημένον
721 1851 781 1915 τὸν
798 1848 954 1934 πυθμένα
973 1848 1148 1934 ἀποσχάζε-
1163 1867 1191 1908 1⁶

137 1962 219 2022 σθαι
251 1957 333 2020 κατά
360 1956 420 2020 τὸν
446 1954 565 2021 δέοντα
591 1958 725 2041 καιρόν,
757 1957 797 2021 τά
825 1952 862 2021 δέ
889 1960 1029 2041 σφαιρία
1056 1955 1148 2040 ἐμπί-

136 2085 262 2128 πτοντα
298 2061 447 2150 διφθέρᾳ
485 2060 711 2148 έξηπλωμένη,
749 2060 832 2149 ξηρᾷ
861 2061 917 2128 καλ
948 2073 1056 2148 πυκνῇ
1088 2064 1148 2128 τὸν

136 2164 219 2253 ἦχον
237 2178 294 2252 τῆς
311 2172 454 2256 βροντῆς
472 2167 683 2234 ἀποδιδόναι·
701 2167 756 2234 καὶ
775 2171 837 2255 γάρ
857 2168 894 2234 έν
909 2179 979 2247 τοίς
992 2171 1148 2255 θεάτροις

137 2275 218 2340 όταν
245 2275 303 2362 δέη
331 2276 390 2341 τὸν
417 2276 535 2360 ὅμοιον
561 2271 644 2361 ἦχον
666 2274 838 2359 γενέσθαι,
867 2275 982 2359 ἀγγεῖα
1005 2275 1147 2361 ἀποσχά-

137 2385 247 2461 ζονται
274 2382 359 2466 βάρη
387 2385 518 2466 έχοντα,
546 2382 602 2447 ἵνα
630 2385 797 2467 φερόμενα
820 2380 872 2448 ἐπὶ
895 2380 1075 2468 διφθέρας,
1103 2383 1147 2459 ὡς
1162 2400 1188 2440 2⁰

138 2494 279 2574 είρηται,
308 2487 407 2573 ξηρᾶς
433 2486 488 2554 καλ
511 2487 762 2573 περιτεταμένης
786 2487 857 2573 [τῆς
879 2488 1019 2574 βύρσης]
1042 2489 1147 2554 καθά-

102 2600 197 2679 ὅπερ
232 2593 268 2659 έν
299 2594 483 2678 τυμπάνοις
514 2594 574 2659 τὸν
603 2591 685 2681 ἦχον
712 2594 863 2681 ἀποτελῇ.
912 2593 988 2679 περὶ
1014 2591 1053 2658 δὲ
1080 2605 1148 2659 τῶν

139 2706 265 2766 λοιπῶν
288 2712 354 2765 τῶν
378 2699 415 2765 ἐν
437 2710 476 2786 τῇ
499 2700 650 2768 διαθέσει
673 2711 733 2767 τοῦ
751 2705 931 2767 Ναυπλίου
949 2703 1031 2767 κατὰ
1049 2699 1148 2786 μέρος

137 2805 324 2891 γινομένων
352 2806 619 2894 εὐαρεστούμεθα
641 2809 685 2886 ὡς
708 2808 745 2874 έν
767 2807 855 2887 τάξει
877 2807 933 2873 καὶ
956 2807 1148 2892 εὐμεθόδως

209 3005 223 3053 1
243 2998 379 3062 κόδαςθι
398 3000 503 3064 κάδους
517 3001 552 3056 T:
571 3000 676 3064 κάδους
689 3017 723 3056 ex
737 2999 827 3063 πόδας
845 3002 949 3057 corr.A
1020 3006 1036 3053 3
1056 2999 1148 3068 ὥσπερ

138 3072 310 3140 suspectum,
329 3070 384 3125 nisi
403 3071 472 3142 quid
489 3072 634 3127 intercidit
710 3078 725 3126 7
748 3074 922 3142 κατεχώρησε
941 3087 971 3127 a:
990 3088 1058 3126 corr.
1074 3071 1147 3126 Prou

174 3148 189 3196 9
208 3142 257 3196 καλ
276 3144 340 3205 ἴσως
352 3142 396 3198 Fr.
406 3143 499 3197 Haase
512 3143 542 3197 in
557 3143 667 3198 schedis
682 3141 876 3199 Schoenianinz
895 3144 992 3205 καθὼς
1005 3158 1035 3198 οε
1055 3151 1148 3205 κακῶς

136 3213 223 3302 Pr9u:
243 3229 279 3267 an
293 3214 389 3277 καθὼς
403 3214 431 3284 <.
447 3257 453 3268 .
469 3214 529 3306 χ,>λ
594 3213 671 3281 δόξει
684 3230 714 3271 a:
734 3212 806 3298 λέξει
818 3215 892 3269 Prou
959 3219 1047 3268 9-10
1060 3233 1147 3302 aava:

136 3284 997 3425 {fflssfflssssffsahffssffluffssssfi.¹}41{Y2¹¹2‘1>⁰1f¹¹1¹2{0t⁰f⁶}⁷‚³⁹1290‚
1018 3286 1147 3425 {³52⁶}ss

137 3426 224 3480 Prou:
248 3428 322 3497 αὐτῷ
341 3442 359 3482 α
436 3433 540 3482 19-20
558 3427 744 3498 ἁποσχάζεται
762 3428 795 3483 R.
810 3427 933 3482 Schoene
951 3427 969 3481 l.
983 3426 1002 3481 l.
1021 3445 1048 3496 p.
1064 3432 1098 3480 ‘15
1117 3428 1147 3480 et

137 3496 211 3550 Prou
234 3498 396 3567 (secundum
417 3498 505 3552 Paris.
525 3501 622 3579 2413ολ)
703 3505 736 3553 21
761 3494 958 3569 έπιτεταμένης
979 3498 1019 3569 Μι
1097 3505 1147 3566 τῆς

52 3604 55 3605 ⁷
138 3567 241 3640 βύρσης
259 3567 373 3622 seclusit
390 3567 423 3622 R.
439 3567 562 3622 Schoene
580 3567 648 3623 ib1d.
