2598 3886
47 109 61 132 ο
156 155 220 219 102
268 157 423 210 ΗΡΩΝΟΣ
441 153 708 214 ΑΛΕΞΑΝΔΡΕΩΣ
727 155 995 210 ΠΝΕΤΜΔΤΙΚΩΝ
1013 157 1044 208 Α.

153 319 273 401 αύχιον
295 321 377 382 ἔστω
400 319 437 382 τὸ
458 322 498 382 Μ
519 317 555 382 έν
573 325 619 404 τῷ
638 317 728 382 κύτει
747 326 807 382 τοῦ
827 317 938 402 ῥυτοῦ.
979 318 1107 381 τούτων
1125 314 1162 381 δὲ

151 424 257 501 οὕτως
276 424 419 508 ἐχόντων
442 423 501 490 ε’διν
523 424 702 508 ἀπολαβών
719 448 769 499 τις
787 425 848 506 τήν
867 427 899 488 Γ
912 426 1048 507 ἔκρυσιν
1068 422 1162 508 ἐγχέῃ

151 532 212 596 τὸν
243 526 351 614 οἶνον,
386 532 527 616 χωρήσει
554 530 633 612 <διδι
660 539 720 595 τοῦ
744 534 775 594 Λ
797 532 1006 616 τρυπήματος
1029 531 1075 605 ελς
1102 531 1162 612 τήν

149 640 291 701 ΔΕΖΗ
317 638 444 721 χώραν·
475 637 492 702 6
521 638 583 721 γάρ
616 635 653 700 έν
680 635 762 722 αὐτῇ
795 635 858 721 άήρ
887 635 1084 722 έκχωρήσει>
1106 637 1162 701 διὰ

148 753 210 808 τοῦ
229 748 273 808 Μ
290 744 454 827 διαυχίου.
491 743 571 807 ὅταν
590 737 651 807 οὖν
669 750 715 830 τῷ
735 743 884 830 δακτύλῳ
904 741 1163 827 έπιπιομάσωμεν
1189 760 1202 801 ε

149 851 187 914 τὸ
210 854 255 915 Μ
272 850 437 932 διαύγιον,
462 847 563 926 στεξει
587 849 604 914 6
625 848 661 913 ἐν
679 857 725 935 τῷ
745 852 896 913 ΔΕΖΗ
910 847 1043 935 <μέρει>
1063 845 1161 924 οἶνος.

150 955 230 1020 ὅταν
254 951 315 1020 οὖν
337 955 429 1039 ὕδωρ
453 953 631 1038 έπιχέυμεν
654 963 700 1042 τῷ
714 958 853 1019 ΑΒΕΔ
871 953 963 1040 μέρει
980 964 1040 1019 τοῦ
1059 955 1162 1039 ῥυτοῦ

149 1059 339 1145 κατέχοντες
366 1063 403 1126 τὸ
427 1065 471 1126 Μ
492 1062 661 1144 διαύχιον,
690 1061 800 1145 ῥεύσει
822 1062 974 1147 καθαρὸν
996 1062 1033 1125 τὸ
1056 1061 1161 1146 ὕδωρ·

151 1166 209 1232 ἐάν
237 1163 273 1232 δὲ
303 1167 434 1253 ἀνῶμεν
460 1169 508 1232 ἔτι
536 1169 604 1232 άνω
633 1169 729 1243 όντος
751 1177 812 1233 τοῦ
833 1167 955 1244 ὕδατος
981 1168 1018 1231 τὸ
1041 1171 1086 1232 Μ
1112 1170 1161 1232 δι-

150 1274 284 1366 αύχιον,
316 1283 424 1361 κρᾶμα
451 1274 620 1359 ῥυήσεται·
649 1283 709 1340 τοῦ
733 1271 768 1339 δὲ
791 1273 912 1350 ὕδατος
936 1273 1161 1358 έκρεύσαντος,
1176 1295 1202 1333 10

149 1382 223 1460 τότε
245 1382 393 1467 καθαρὸς
416 1381 434 1446 6
459 1376 550 1457 οἶνος
573 1381 692 1465 ῥεύσει.
729 1380 833 1458 ἔξεστι
855 1376 893 1444 δὲ
910 1377 964 1445 καὶ
987 1382 1163 1457 πλεονάκις

150 1486 284 1552 ἀνιέντα
310 1489 347 1553 τὸ
375 1491 416 1552 Μ
440 1489 595 1570 διαύχιον
623 1488 806 1571 διαφόρους
833 1488 892 1562 τὰς
919 1485 1067 1570 έκρύσεις
1089 1509 1161 1552 ποι-

150 1601 270 1659 εῖσθαι.
312 1597 448 1679 άμεινον
471 1591 508 1658 δὲ
526 1593 749 1680 προεχχέαντα
766 1592 858 1678 ὕδωρ
877 1593 924 1668 εἰς
942 1593 1003 1677 τήν
1021 1597 1132 1658 ΔΕΗ
1134 1599 1161 1658 Ζ

149 1701 262 1784 χώραν
287 1699 342 1765 καλ
374 1703 599 1783 καταλαβόντα
630 1701 668 1764 τὸ
697 1700 851 1783 διαύγιον
883 1694 977 1763 οἶνον
1007 1697 1160 1783 έπιχέειν·

150 1809 350 1890 συμβήσεται
380 1808 442 1893 γάρ
471 1803 524 1871 ὁτὲ
554 1803 615 1891 μὲν
637 1807 788 1892 καθαρὸν
811 1800 906 1870 οἶνον
929 1803 1064 1891 ἐκρέειν,
1087 1804 1159 1870 ἀνε-
1175 1826 1201 1865 15

148 1910 269 1990 θέντος
298 1910 335 1977 δὲ
364 1922 425 1978 τοῦ
448 1915 603 1996 διαυχίου
625 1914 727 1978 πάλιν
748 1921 856 1998 κράμα
878 1910 933 1976 καλ
956 1912 1057 1977 πάλιν
1080 1912 1159 1977 άπο-

150 2017 337 2103 ληφθέντος
365 2028 426 2086 τοῦ
454 2021 609 2102 διαυχίου
635 2021 787 2105 καθαρὸν
817 2020 877 2083 τὸν
904 2013 998 2084 οἶνον
1026 2018 1157 2103 ἐκρέειν.
1202 2058 1204 2062 .

148 2123 334 2209 καὶτοῦτο,
358 2125 470 2202 ὁσάκις
494 2125 552 2190 έδιν
574 2126 784 2209 βουλώμεθα,
808 2127 906 2190 ἔσται.

511 2351 514 2356 ’
607 2353 692 2419 ΧΙΧ.

215 2483 388 2566 Κρατῆρος
420 2478 627 2564 ἐπικειμένου
659 2479 715 2544 ἐπί
739 2504 829 2556 τινος
858 2481 983 2564 βάσεως
1012 2483 1158 2567 πλήρους
1173 2501 1199 2539 20

96 2604 135 2644 ιιο
149 2587 246 2662 ὄντος
269 2593 374 2669 οἴνου,
398 2587 478 2652 ὅσον
501 2586 560 2651 ἐάν
582 2609 632 2663 τις
654 2585 687 2666 ἐξ
716 2586 818 2652 αὐτοῦ
847 2583 1030 2674 άρύήσήται,
1058 2589 1159 2653 πάλιν
1203 2580 1205 2582 ’

148 2696 274 2779 πλήρης
297 2695 387 2758 ἔσται
411 2693 428 2758 6
452 2695 588 2779 κρατήρ·
610 2694 879 2772 κατασκευάζεται
903 2690 939 2758 δὲ
958 2695 1017 2758 τὸν
1034 2697 1159 2777 τρόπον

148 2809 276 2865 τοῦτον.

206 2904 313 2970 Ἔστω
341 2905 475 2989 άχγεῖον
498 2907 535 2970 τὸ
558 2910 624 2971 AB
648 2905 940 2991 διαπεφραγμένον
962 2906 998 2970 τὸ
1023 2908 1159 2989 στόμιον

149 3069 321 3151 διάφραγμα
352 3069 487 3151 διαύχιον
519 3067 590 3130 έστυ
620 3068 652 3131 ἕν
680 3075 720 3154 τῷ
747 3070 827 3131 κύτει
853 3078 906 3130 τοῦ
934 3069 1024 3149 ῥυτοῦ
1052 3068 1084 3130 τὸ
1112 3072 1157 3129 Μ.
1174 3085 1199 3123 25

148 3159 260 3220 τούτων
293 3157 386 3231 οότυς
415 3157 541 3239 ἐχόντων
568 3157 621 3219 ἐὰν
648 3156 807 3237 ἀπολαβών
835 3180 879 3229 τις
906 3155 960 3236 τήν
987 3160 1017 3216 Γ
1040 3155 1159 3238 ἔιιρυσιν

148 3244 231 3333 ἕχχέή
259 3247 311 3309 τὸν
341 3241 441 3327 οἶνον,
467 3246 591 3328 χωρήσει
619 3245 668 3307 διδι
695 3257 748 3308 τοῦ
771 3251 802 3306 Λ
829 3245 1017 3327 τρυπήματος
1041 3246 1082 3319 εἰς
1105 3246 1160 3325 τήν

149 3338 283 3396 ΔΕΖΗ
305 3337 414 3418 χώραν·
443 3333 537 3418 δχδιρ
559 3334 593 3396 ἕν
616 3335 690 3420 αὐτή
714 3333 770 3416 άήρ
793 3333 949 3416 έκχοορήσει
972 3333 1021 3395 διὰ
1044 3345 1097 3397 τού
1122 3339 1165 3396 Μ

150 3419 295 3505 διαυχίου.
336 3425 407 3486 όταν
431 3415 487 3487 οὖν
506 3429 546 3508 τῷ
566 3423 699 3506 δακτύλῳ
716 3422 950 3503 ἕπιπωμάσοομεν
967 3424 1000 3484 τὸ
1020 3427 1062 3484 Μ
1076 3425 1160 3487 διαύ-

147 3535 229 3593 γιον,
257 3511 337 3594 <ού>
367 3512 462 3587 στάξει
488 3510 521 3572 έν
549 3518 588 3595 τῷ
612 3515 744 3572 ΔΕΖΗ
767 3510 846 3595 μέρει
872 3509 887 3572 6
910 3511 1046 3594 έχχυθελς
1069 3508 1201 3587 οἶνοςὸθ
