2598 3886
164 161 206 225 '1¹8
277 155 433 218 ἨΡΩΝΟΣ
451 157 717 219 ΑΔΕΞΑΝΔΡΕΩΣ
735 160 1003 214 ΠΝΕΤΜΑἸῚΚΩΝ
1021 161 1052 212 Α.

159 321 302 410 ὡσπερεί
330 325 487 408 στάθμης.
531 331 633 388 ταῦτα
660 323 701 406 δὴ
732 321 985 408 ἐφαρμοσθίντα
1008 319 1174 406 ἐπάλληλα

160 432 246 496 κατὰ
273 431 310 496 τὸ
338 431 461 508 πλάτος
488 434 689 516 σμηρίζεται,
720 427 870 494 τουτέστι
900 434 1060 512 λειοῦται,
1090 429 1173 494 ὥστε

164 539 211 615 είς
238 538 274 602 τὸ
307 536 427 622 μεταξὺ
460 535 570 601 αὐτῶν
598 539 678 620 μήτε
706 534 786 621 ἀέρα
813 537 892 619 μητε
917 534 1024 620 ύγρὸν
1050 555 1172 620 παρεμ-

161 649 302 710 πίπτειν.
890 641 893 647 ’

219 750 326 816 Ἔστω
351 747 388 815 δὲ
410 758 513 814 ταῦτα
535 751 574 814 τά
599 752 744 832 ΑΒΓΔ,
767 751 918 814 ΕΖΗΘ·
942 748 979 813 ἓν
1001 743 1038 812 δὲ
1061 747 1172 812 αὐτῶν
1199 765 1212 806 5

161 858 199 922 τὸ
223 860 365 921 ΕΖΗΘ
391 854 541 941 τέτρηται
573 857 654 920 κατὰ
686 853 788 939 μέσον
815 854 1007 941 στρογγύλῳ
1033 856 1173 940 τρηματι

107 984 147 1026 ιιι
161 964 222 1046 τὴν
240 963 418 1048 διάμετρον
488 963 533 1038 ὡς
551 963 718 1027 δακτύλου
735 964 860 1048 τρίτον·
882 963 885 1045 λ
907 960 1173 1046 ἐφαρμοσθείσης

160 1066 199 1134 δὲ
222 1078 279 1152 τῆς
297 1074 367 1132 ΑΔ
389 1074 534 1154 πλευρᾶς
557 1066 610 1134 ἐπὶ
633 1070 694 1152 τὴν
712 1072 789 1153 ΕΘ,
808 1068 1071 1153 συλλαμβάνεται
1088 1067 1172 1152 πρὸς

161 1177 286 1260 ἀλληλα
317 1177 357 1240 τά
387 1179 529 1241 πλινθία
560 1179 837 1262 στροφοιματίοις,
874 1177 957 1240 ὥστε
993 1175 1050 1250 τάς
1083 1177 1172 1250 λειάς

162 1281 354 1368 ἐπιφανείας
376 1294 443 1348 τῶν
465 1285 634 1348 πλινθίων
656 1281 814 1367 ἀλλήλαις
837 1279 1067 1369 ἐφηρμοκέναι.
1090 1279 1171 1346 ὅταν
1185 1300 1212 1340 10

160 1384 224 1455 οὖν
255 1390 454 1474 βουλώμεθα
485 1387 529 1454 δι’
556 1389 666 1456 αὐτῶν
698 1388 859 1475 ἐνεργεῖν,
892 1388 1101 1456 ἐπικολλάται
1132 1387 1170 1452 τὸ

161 1499 301 1560 ΕΖΗΘ
331 1501 492 1562 πλινθίον
522 1505 569 1583 τῷ
601 1499 749 1583 τρηματι,
781 1494 823 1560 δι’
861 1491 902 1560 οὗ
933 1497 1006 1578 ἢτοι
1035 1493 1117 1579 ἀέρα
1149 1491 1170 1576 ἢ

160 1602 267 1688 ὑγρὸν
298 1603 546 1687 είσεοθούμενον
578 1603 718 1668 δύναται
750 1600 890 1683 στέγειν·
929 1603 985 1675 ,διὰ
1017 1603 1080 1686 γάρ
1113 1608 1171 1683 τῆς

161 1710 354 1791 διωθησεως
389 1709 426 1773 τὸ
460 1711 593 1773 ΑΒΓΔ
631 1710 791 1772 πλινθίον
826 1706 994 1788 ἀνοίγεται
1025 1704 1170 1782 εὐλύτως

160 1813 360 1897 κινούμενον
392 1814 448 1877 ἀιά
479 1824 546 1878 τῶν
578 1815 839 1898 στροφιοματίων
869 1809 924 1876 καὶ
955 1810 1083 1896 (λέγεται
1109 1813 1170 1877 τὸν
1184 1831 1211 1874 15

162 1918 243 2006 ἀέρα
264 1917 320 1984 καὶ
342 1920 379 1984 τὸ
398 1918 514 2006 ὑγρόν,
537 1919 573 1996 ὃς
595 1917 802 1985 ἀποκλείεται
825 1920 872 1994 είς
894 1919 931 1983 τὸ
955 1920 1094 2000 στεγνὸν
1112 1917 1170 2002 ἀγ-

228 2116 249 2162 ετ
274 2104 490 2181 78,1-80,2
519 2110 610 2163 ταῦτα
638 2099 675 2179 δη
773 2100 938 2162 εἰσωθεῖται
956 2128 998 2150 =
1018 2097 1040 2161 λ)
1061 2103 1169 2179 78,18

163 2195 260 2270 -80,
277 2195 331 2254 19:
354 2192 466 2254 τούτων
486 2189 623 2271 ἑκάτερον
640 2189 713 2250 κατὰ
731 2189 783 2262 τὰς
800 2188 974 2268 ἐπιφανείας
992 2191 1170 2272 σμηρίζεται,

162 2279 257 2362 ἤγουν
283 2285 412 2341 λειοῦται
439 2277 581 2362 ἀκριβῶς,
608 2279 680 2340 ὥστε
706 2277 846 2359 τιθέμενα
873 2277 1018 2358 ἐπάλληλα
1040 2277 1167 2358 ἐφαρμό-

162 2373 264 2441 ζεσθαι
294 2368 345 2429 καί
376 2367 408 2429 ἐν
439 2373 479 2452 τῷ
511 2368 618 2448 μεταξὺ
649 2367 746 2429 αὐτῶν
778 2368 848 2447 μήτε
879 2365 956 2451 ἀέρα,
976 2367 1048 2446 μήτε
1075 2365 1167 2449 ὑγρὸν
1182 2382 1209 2422 20

162 2458 313 2520 δύνασθαι
334 2457 555 2540 παρεμπίπτειν.
1230 2471 1231 2475 ’

221 2543 317 2607 Ἔστω
344 2542 376 2606 δὲ
407 2555 498 2607 ταῦτα
525 2545 556 2607 τό
583 2568 614 2607 τε
637 2549 759 2606 ΑΒΓΔ
784 2543 834 2606 καλ
856 2544 888 2606 τὸ
911 2545 1052 2606 ΕΖΗΘ·
1075 2543 1112 2604 ἓν
1135 2540 1168 2604 δὲ

161 2633 260 2696 αὐτῶν
282 2633 314 2695 τὸ
332 2635 461 2695 ΕΖΗΘ
482 2633 632 2716 τετρήσθω
655 2633 728 2696 κατὰ
751 2631 841 2714 μέσον
862 2634 1027 2718 στρογγύλῳ
1044 2631 1168 2712 τρηματι

161 2721 216 2801 την
239 2722 395 2803 διάμετρον
418 2721 512 2804 ἐχοντι
533 2721 602 2785 ὡσεί
619 2724 715 2806 τρίτον
734 2722 888 2786 δακτύλου.
929 2721 1167 2800 ἐφαρμοσθείσης

162 2811 201 2890 δὴ
231 2821 284 2891 τῆς
311 2816 373 2872 ΑΔ
403 2816 530 2894 πλευρᾶς
561 2809 609 2873 ἐπὶ
639 2811 694 2890 την
722 2813 798 2890 ΕΘ,
830 2811 1060 2890 συλλαμβάνεται
1092 2808 1166 2888 πρὸς
1181 2823 1208 2864 25

161 2899 271 2980 ἀλληλα
289 2900 323 2961 τὰ
340 2902 467 2962 πλινθία
485 2902 727 2984 στροφοιματίοις,
746 2900 817 2961 ὥστε
835 2899 887 2972 τὰς
900 2899 979 2972 λείας
992 2896 1167 2977 ἐπιφανείας

161 2999 220 3053 τῶν
246 2991 395 3052 πλινθίων
422 2987 558 3069 ἀλλήλαις
584 2989 768 3072 ἐφαρμόζεια
814 2987 885 3049 ὅταν
910 2979 966 3049 οάν
989 2987 1167 3067 βουλώμεθα
1284 2984 1288 2992 ’

162 3075 202 3141 δι’
231 3077 330 3141 αὐτῶν
361 3077 408 3140 ἐνε
445 3085 504 3159 εἴν,
535 3077 718 3140 ἐπικολλᾶται
743 3077 776 3139 τὸ
803 3077 932 3138 ΕΖΗΘ
958 3076 1099 3138 πλινθίον
1126 3079 1166 3158 τῷ

161 3168 299 3250 τρήματι,
326 3162 366 3229 δι’
391 3103 475 3248 οάγῆ
503 3165 518 3229 ὅ
544 3166 600 3248 ἀηρ
623 3165 643 3247 ἢ
665 3167 697 3229 τὸ
720 3165 812 3248 ὑγρὸν
834 3166 1012 3227 είσοοθεῐται·
1040 3163 1089 3226 διὰ
1111 3163 1166 3245 γὰρ

161 3268 213 3338 τῆς
250 3257 435 3337 είσοιθήσεοις
471 3256 502 3319 τὸ
535 3260 656 3317 ΑΒΓΔ
689 3255 830 3317 πλινθίον
862 3253 1008 3336 ἀνοίγεται
1039 3253 1166 3326 εύλύτοις
1180 3266 1208 3306 3⁰

161 3348 339 3428 κινούμενον
362 3346 412 3408 διὰ
434 3354 493 3407 τῶν
515 3345 745 3426 στροφωματίαν
762 3342 812 3405 καί
831 3341 940 3424 δέχεται
958 3341 1009 3404 τὸν
1028 3340 1099 3425 ἀέρα
1116 3340 1167 3402 καὶ

161 3436 193 3499 τὸ
212 3435 315 3518 ἀγρόν,
337 3436 423 3498 ἀτινα
441 3433 645 3497 ἀποκλείονται
663 3433 705 3506 είς
723 3431 755 3494 τὸ
774 3431 894 3514 στεγνὸν
912 3430 1038 3514 ἀγγεῖον.
1078 3431 1167 3493 πάλιν

162 3525 200 3604 δὴ
228 3522 244 3586 ὁ
272 3523 469 3605 συμπιληθείς
495 3522 578 3597 ἐντὸς
605 3521 661 3604 ἀηρ
689 3519 709 3602 ἢ
736 3521 767 3583 τὸ
795 3521 886 3605 ὑγρὸν
914 3524 1007 3602 ζητῶν
1034 3519 1088 3601 την
1111 3519 1166 3595 ἔξω,
