2574 3918
162 164 228 227 462
310 166 482 218 ΡΗΠιΟΝῙΒ
499 166 549 216 DE
567 167 728 218 INGENIIS
747 166 1027 220 SPIRI'I'UALIBUS.

162 327 263 411 igitur
280 326 486 390 manifestum
505 327 659 411 estquod
677 332 731 391 abr
750 327 793 391 sit
815 348 939 410 corpus.
960 327 988 390 si
1006 326 1091 390 enim
1112 347 1190 390 cor·

162 455 223 518 pus
245 456 311 499 non
334 437 418 498 essct
441 438 473 498 et
496 455 614 498 vacuus
638 433 723 497 foret
745 433 835 498 locus
859 433 1006 518 interius,
1029 433 1187 499 afflueret

162 541 250 606 intus
273 563 356 626 aqua
378 561 437 604 nec
460 539 526 604 ulla
548 540 640 604 ficret
662 539 852 623 prohibicio.
898 539 985 624 quod
1007 543 1044 602 ut
1072 539 1186 606 adhuc

162 647 277 712 melius
301 646 497 730 ostendatur,
519 668 575 710 vas
599 645 716 711 iterum
744 646 923 729 predictum
952 646 986 709 in
1014 668 1097 729 aqua
1125 647 1185 711 dc-

162 759 326 841 mergatur
348 759 385 818 ut
407 754 511 836 prius,
534 756 566 817 ct
588 774 661 818 cera
684 775 780 837 super
802 753 947 816 foramen
969 752 1077 836 posita
1103 754 1182 818 abs·
1208 741 1226 814 '5

162 861 317 925 trahatur.
382 882 445 945 quo
477 860 563 924 facto
595 860 657 924 erit
689 860 794 924 exitus
826 859 909 924 acris
942 880 999 942 per
1030 859 1184 925 foramen

163 968 270 1031 sensui
300 967 489 1032 manifestus
519 970 552 1030 ct
581 967 743 1031 videbitur
772 967 806 1030 in
836 965 987 1050 ampullis
1019 987 1114 1051 aque,
1148 969 1183 1032 si

161 1073 260 1137 fuerit
292 1095 375 1158 aqua
407 1095 502 1157 super
533 1074 691 1158 foramen,
727 1077 759 1136 ct
791 1073 968 1156 inplebitur
999 1094 1056 1136 vas
1092 1095 1183 1157 aqua

162 1184 294 1263 propter
313 1180 435 1244 exitum
453 1181 535 1244 aeris
554 1181 781 1264 perforamen
818 1182 850 1242 et
869 1178 956 1264 quod
973 1178 1051 1243 facit
1070 1184 1181 1244 a‘c'rem

162 1287 249 1350 exire
271 1287 450 1352 necessario
474 1293 523 1352 est
545 1291 653 1352 motus
677 1290 710 1350 et
732 1287 861 1369 inpetus
884 1307 965 1370 aque
989 1285 1179 1370 inpellentis
1196 1309 1224 1347 ro

162 1393 252 1476 prius
271 1393 396 1477 inpulse
416 1395 450 1457 in
468 1394 553 1458 vasis
572 1393 820 1458 intromissione.
840 1392 950 1456 etheo
973 1395 1023 1456 cst
1046 1392 1179 1456 demon-

162 1501 275 1566 stratio
300 1502 386 1585 quod
409 1507 462 1565 abr
486 1501 529 1566 sit
551 1522 676 1584 corpus,

637 1747 694 1813 III.

227 1872 404 1937 Declarabc
428 1874 525 1938 etiam
547 1873 779 1938 nichilominus
802 1876 926 1936 motum
952 1871 1089 1936 aliorum
1112 1871 1176 1936 elo-

160 1983 351 2062 mentorum,
375 2002 436 2064 quc
459 1981 584 2045 adhoc
607 1984 683 2044 suut
705 1979 807 2062 utilia,
831 1979 917 2063 quod
941 1978 1115 2063 inquiritur
1139 1979 1176 2044 in
1193 2000 1219 2040 rs

159 2084 219 2150 hac
255 2086 397 2151 sciencia.
449 2088 578 2172 quidam
619 2091 727 2150 autem
768 2086 949 2169 sapientum
989 2085 1176 2150 fatebantur

160 2197 265 2255 acrem
284 2213 322 2256 ex
341 2193 568 2258 minutissimis
587 2197 733 2257 constare
752 2192 941 2276 corporibus
965 2192 1174 2276 minimisque

160 2298 341 2384 particulis,
379 2322 440 2384 que
471 2303 603 2384 propter
635 2322 726 2363 suam
758 2299 950 2383 parvitatem
984 2298 1042 2362 sub
1076 2319 1174 2362 sensu

159 2404 247 2468 visus
271 2406 321 2469 vel
345 2407 453 2491 aliquo
477 2406 613 2470 aliorum
641 2428 708 2471 non
737 2405 867 2489 cadunt,
901 2405 1027 2488 quando
1059 2403 1170 2492 segrei

106 2528 145 2568 cca
159 2515 234 2597 gata
256 2511 389 2596 fuerint,
412 2513 476 2577 nisi
498 2512 664 2576 fallaciter.
710 2534 782 2577 cum
806 2515 913 2576 autem
937 2515 1050 2575 coeant
1073 2511 1216 2575 simulac

160 2618 344 2702 coniuncta,
367 2624 504 2684 nonest
532 2619 585 2683 ita.
623 2619 705 2683 dixit
729 2640 856 2704 quoque
879 2639 962 2681 unus
987 2639 1025 2680 cx
1049 2618 1172 2700 sapien-

159 2723 246 2787 tibus
275 2725 361 2808 quod
388 2725 482 2789 inane
509 2726 552 2790 sit
579 2725 695 2789 horum
722 2729 837 2790 natura
866 2728 898 2788 et
928 2724 1172 2788 commisceatur

159 2830 286 2914 corpori
313 2832 408 2916 aeris,
436 2832 507 2896 ideo
540 2833 689 2897 videlicet
719 2832 804 2916 quod
833 2831 931 2895 fuerit
961 2831 995 2894 in
1025 2830 1171 2914 partibus

158 2938 225 3002 suis
248 2938 381 3004 minutis
404 2938 591 3025 subtilibus,
615 2940 698 3004 sicut
720 2939 818 3003 etiam
841 2937 1042 3021 inpartibus
1066 2937 1171 3001 omnis

157 3046 204 3109 rei
226 3047 344 3132 mollis,
367 3047 466 3111 immo
490 3051 522 3110 et
545 3047 695 3112 omnibus
718 3046 823 3110 rebus.
868 3049 901 3108 et
923 3045 988 3108 iam
1012 3043 1170 3108 declaravi
1186 3063 1211 3104 as

135 3152 219 3236 uhoc
241 3153 319 3218 alias
344 3153 553 3238 sufficienter,
581 3152 638 3216 ubi
660 3152 722 3216 feci
745 3151 940 3216 mentionem
964 3150 1002 3214 de
1030 3151 1170 3214 arbitriis

157 3260 360 3324 mirabilibus.
407 3260 599 3343 premissum
623 3262 730 3323 autem
754 3279 948 3342 exequamur
977 3240 1167 3340 exemplum.
1206 3275 1208 3280 ·

229 3477 243 3522 7
269 3485 341 3536 aque
364 3469 439 3524 codd.
460 3467 571 3522 Monac.
592 3468 638 3521 lat.
658 3471 718 3520 444.
739 3471 805 3520 534.-
831 3483 905 3536 aqua
928 3468 1001 3522 Rosa
1022 3469 1169 3521 secusdum

158 3541 213 3592 cod.
230 3539 350 3593 Londia.
365 3539 458 3592 Stoura.
472 3542 547 3592 2030
619 3543 653 3590 24
670 3539 691 3603 f.
707 3536 913 3604 subtilibusque
