2596 3886
146 169 211 234 236
264 171 413 225 muoz
432 171 701 231 ΑΛΕΞΑΝΔΡΕΩΣ
719 171 988 226 ΠΝΕΤΜΔΤΕΚΩΝ
1006 173 1037 227 Β.

144 339 233 417 θεμα
251 334 288 398 τὸ
303 337 389 398 ΜΝ.
426 335 509 400 ἔστω
528 331 565 400 δὲ
583 343 631 423 τῷ
648 334 871 421 ἐπιφράγματι
889 333 925 399 ἐκ
943 341 1003 400 τοῦ
1021 335 1159 400 ὑελίνου

145 439 301 523 θιαόγιον
332 441 369 504 τὸ
400 439 442 524 Ξ,
475 439 518 506 δι’
556 437 596 506 οὗ
628 441 724 528 ὕδωρ
752 441 979 526 ἐγηυθήσεται.
1029 447 1159 528 πληρω-

145 544 266 622 θέντος
298 540 361 612 οὖν
393 555 453 613 τοῦ
484 547 586 633 ῥυτοῦ
615 549 672 613 διά
698 557 758 613 τοῦ
786 545 963 636 εἰρημένου
992 548 1160 634 θιαυγίου,

146 653 467 737 συμπληρωθήσεται
496 652 551 719 καὶ
580 653 597 720 ὁ

148 760 215 822 ΘΚ
236 760 360 842 σωλήν·
384 757 441 824 καλ
464 759 600 844 ἐγχυνο-

145 863 249 949 μένου
271 875 331 931 τοῦ
354 866 472 952 ὑγροῦ,
498 883 601 952 προσ-

146 975 343 1056 αναβήσεται
372 973 420 1049 εἰς
447 973 484 1037 τὸ
511 971 600 1038 ὑέλι-
700 1050 724 1073 υ

146 1102 222 1161 νον,
250 1079 332 1147 ὥστε
360 1080 417 1144 θιά
444 1087 504 1144 τοῦ
535 1083 605 1144 ΖΗ

146 1190 294 1268 σωλήνος
311 1186 358 1262 είς
373 1185 410 1250 τὸ
426 1183 518 1263 ἐκτὸς
532 1185 600 1252 ἑνε-

145 1293 318 1374 χθήσεται·
345 1289 401 1356 καλ
433 1295 524 1358 ἔσται
552 1296 600 1359 σί-

145 1421 265 1482 φωνος.
293 1399 468 1483 καμπύλου
500 1399 600 1484 τάξις,

146 1499 186 1570 οὗ
203 1506 240 1570 τὸ
255 1501 317 1589 μὲν
331 1508 472 1570 ἔλασσον
486 1504 601 1583 σκέλος

146 1612 183 1676 τὸ
208 1613 284 1695 ΘΚ,
306 1613 343 1677 τὸ
368 1608 405 1676 δὲ
428 1616 539 1696 μεῖζον
562 1613 599 1676 τὸ

148 1721 222 1781 ΖΗ.
255 1718 309 1782 διὸ
329 1718 369 1801 δή
388 1718 600 1785 ἐπισπάσεται

146 1824 182 1888 τὸ
221 1822 258 1888 ἐν
293 1832 339 1912 τῷ
374 1825 463 1913 ρυτῷ
494 1826 601 1912 ὑγρὸν

145 1932 416 2015 προσαναβαλνον
466 1934 513 2008 είς
562 1933 604 1997 τό

145 2034 282 2102 ὑέλινον
317 2036 466 2122 ἐπίθεμα.
520 2041 600 2123 πρό-

145 2161 243 2229 τερον
279 2139 316 2209 δέ
352 2146 411 2209 τὸν
443 2143 480 2209 έν
512 2143 602 2232 αὐτῷ

146 2248 225 2336 ἀέρα
248 2249 460 2316 ἐπισπάσεται
483 2252 540 2316 θιά
562 2251 599 2316 τὸ

145 2359 352 2443 κουφότερον
379 2352 464 2422 εἶναι
492 2365 553 2422 τοῦ
580 2358 696 2442 ὑγροῦ.
742 2358 789 2432 εἰς
814 2352 851 2422 δέ
874 2357 934 2421 τὸν
956 2357 1159 2440 κενούμενον
1173 2376 1200 2416 20

146 2471 206 2526 τοῦ
234 2461 330 2548 ἀέρος
357 2465 460 2528 τόπον
487 2463 524 2528 τὸ
551 2463 659 2548 ὑγρὸν
684 2462 955 2546 ἀναβαλλόμενον
977 2449 1169 2546 φανήσεταιΙ

145 2565 201 2632 καὶ
233 2576 278 2655 τῷ
312 2569 385 2657 ἰδίῳ
413 2571 508 2655 βάρει
534 2572 816 2656 καταφερόμενον·
847 2571 938 2655 παρὰ
964 2570 1073 2654 φύσιν
1096 2572 1159 2656 γάρ

136 2673 236 2762 ἀὐτῷ
259 2673 279 2758 ή
303 2678 392 2761 φορὰ
416 2678 463 2753 είς
485 2677 522 2740 τὸ
547 2677 615 2741 ἀνω
639 2675 737 2762 μέρος
760 2678 895 2760 γίνεται.

147 2818 264 2881 όέλινον
288 2818 416 2900 ἐπίθεμα
438 2820 469 2882 τὸ
489 2825 567 2882 ΜΝ
586 2821 715 2903 ἀκριβῶς
737 2819 931 2904 ἡρμοσμένον·
947 2821 997 2884 καί
1020 2820 1157 2906 ἐστεγνω-

147 2907 239 2988 μόνον
264 2915 303 2994 τῷ
332 2910 418 2994 ρυτῷ.
464 2909 515 2970 διὰ
544 2908 576 2971 ἀὲ
602 2920 655 2972 τοῦ
683 2910 804 2973 όελίνοο
830 2909 1008 2992 ἐπιθέματος
1031 2911 1082 2972 καί
1104 2921 1158 2974 τοῦ
1172 2926 1198 2968 25

147 2995 366 3079 ἐπιφράγματος
398 3000 553 3060 καθείσθω
586 2998 683 3078 σωλήν
716 2997 731 3060 ὁ
763 2998 837 3080 ΞΟ,
870 2993 910 3061 δι’
945 2994 982 3062 οὗ
1013 2999 1045 3062 τὸ
1077 3000 1158 3083 ὕδωρ

147 3085 348 3168 ἐμηυθήσεται.
389 3086 599 3169 πληρωθέντος
621 3081 677 3150 οάν
699 3098 754 3150 τοῦ
772 3090 863 3172 ῥυτοῦ
883 3088 932 3149 διὰ
950 3098 1005 3151 τοῦ
1023 3091 1158 3152 τοιοότου

148 3180 290 3256 σωλήνος,
313 3177 599 3257 συμπληρωθήσεται
620 3177 672 3239 καί
694 3174 710 3238 ὅ
731 3179 791 3240 ΘΚ
811 3178 919 3257 σωλήν,
941 3176 992 3239 καί
1009 3195 1159 3260 προσανα-

146 3264 266 3345 βήσεται
293 3262 332 3325 δι’
364 3264 456 3327 αὐτοῦ
484 3266 526 3339 εἰς
554 3264 585 3327 τὸ
613 3263 732 3328 ὑέλινον
759 3265 901 3347 ἐπίθεμα,
931 3267 1003 3328 ὥστε
1031 3267 1081 3328 καλ
1109 3267 1159 3328 διὰ

146 3364 199 3415 τοῦ
231 3357 297 3414 ΖΗ
330 3360 462 3435 σωλήνος
499 3355 541 3427 εἰς
577 3353 609 3416 τὸ
641 3353 723 3428 ἐκτὸς
754 3353 959 3436 ἐκχυθήσεταιΙ
998 3355 1048 3418 καὶ
1080 3354 1159 3417 ἔσται
1172 3369 1199 3410 ³0

147 3441 278 3520 σίφωνος
306 3443 461 3523 καμπύλου
489 3444 583 3522 τάξις,
611 3436 648 3504 οὗ
675 3442 707 3504 τὸ
731 3440 785 3523 μὲν
809 3442 932 3505 ἔλασσον
956 3441 1056 3517 σκέλος
1079 3444 1158 3506 ἔσται

59 3564 110 3578 a*
146 3529 178 3591 τὸ
205 3532 275 3610 ΘΚ,
297 3531 329 3592 τὸ
353 3529 384 3592 δὲ
408 3534 507 3611 μεῖζον
530 3531 561 3594 τὸ
585 3535 656 3592 ZH.
