2596 3886
125 307 129 313 ,
174 247 239 312 278
293 249 442 303 muoz
460 245 726 308 ΑΛΕΞΑΝΔΡΒΩΣ
744 247 1013 302 mmmmm
1030 251 1062 302 Β.

174 411 280 496 ὕδωρ,
308 412 391 476 ὥστε
417 414 539 496 πλῆρες
566 405 660 475 εἶναι.
710 411 1031 495 συμπληρωθήσεται
1058 410 1099 494 δή
1128 406 1183 474 καὶ

174 517 211 582 τὸ
244 515 281 581 ἐν
312 525 358 604 τῷ
383 521 529 604 ποτηρίῳ
558 515 673 592 σκέλος
699 524 759 581 τοῦ
787 521 943 598 σωλῆνος.
993 515 1183 601 ε’γκεχύσθοι

175 619 211 688 δὲ
231 621 286 688 καὶ
304 610 352 700 είς
369 625 428 689 τὸν
446 625 611 710 τράχηλον
629 631 689 688 τοῦ
706 627 739 686 Α
744 626 772 685 Β
792 621 928 705 ἀγγείου
945 622 1038 710 ὕδωρ
1057 623 1183 705 ὀλίγον,

173 731 256 794 ὥστε
288 727 464 815 ἐπιρράξαι
496 729 556 813 τήν
588 728 767 812 ἀναπνοήν.
817 730 965 814 πλήρους
996 731 1092 805 ὄντος
1123 737 1183 794 τοῦ

173 839 239 899 ΑΒ
263 834 409 919 ἀγγείου,
433 836 474 900 οὐ
497 835 607 921 ρεύσει
631 835 649 900 6
669 840 707 899 Π
725 837 868 922 κρουνὸς
889 837 997 901 καίτοι
1020 835 1183 924 ἀνεῳγώς,
1211 851 1226 892 ⁵

174 940 348 1024 ἐπειδήπερ
371 942 389 1008 6
413 941 475 1028 ἀήρ
498 941 560 1007 οὐκ
583 944 648 1026 ἔχει
671 944 890 1028 παρείσδυσιν
909 943 965 1007 διδ
983 942 1020 1007 τὸ
1040 937 1184 1027 ἐγχυθὲν

172 1048 219 1122 είς
241 1044 301 1112 τὸν
323 1049 488 1134 τράχηλον
510 1048 611 1133 ὕδωρ.
650 1048 926 1124 ὑποσπασθίντος
949 1045 986 1113 δέ
1004 1057 1065 1114 τοῦ
1083 1069 1183 1131 ποτη-

172 1155 248 1238 ρίου
275 1153 400 1240 ἀνάγκη
427 1158 620 1237 κενυδήναί
642 1179 675 1220 τι
702 1153 801 1241 με’ρος
822 1163 883 1220 τοῦ
907 1153 944 1220 ἐν
966 1162 1013 1242 τῷ
1036 1157 1182 1242 ποτηρίῳ

171 1258 309 1336 σκέλους
341 1269 401 1326 τοῦ
433 1265 592 1346 σίφοννος·
625 1263 672 1337 εἰς
698 1257 736 1327 δέ
763 1258 823 1326 τὸν
849 1261 1052 1346 κενούμενον
1079 1263 1183 1326 τόπον

171 1365 451 1451 ἐπισπασθήσεται
476 1368 494 1434 6
518 1368 658 1452 συνεχής
679 1366 752 1452 ἀήρ.
797 1362 895 1444 οὗτος
918 1364 955 1432 δέ
977 1365 1015 1432 τὸ
1039 1363 1183 1452 ε’γχυθέν
1197 1388 1225 1428 ιο

172 1473 219 1549 εἰς
240 1471 301 1538 τὸν
323 1474 488 1559 τράχηλον
508 1474 648 1540 ὑδάτιον
671 1475 958 1558 συνεπισπάσεται,
982 1475 1064 1540 ὥστε
1083 1474 1183 1559 ὑπερ-

171 1583 269 1663 βήναι
296 1578 333 1644 τὸ
360 1584 387 1644 Ζ
414 1583 559 1664 στόμιον.
604 1579 660 1645 καὶ
686 1582 742 1646 διά
765 1589 862 1646 τοῦτο
885 1589 945 1646 τοῦ
969 1579 1066 1666 ἀέρος
1090 1579 1182 1665 ἐσχη-

119 1688 267 1762 ιιικότος
289 1687 518 1771 παρείσδυσιν,
542 1686 653 1771 ῥεύσει
675 1686 693 1752 6
714 1689 752 1748 Π
765 1689 917 1771 κρουνός,
942 1686 946 1769 Ι
971 1688 1066 1772 ἀχρις
1083 1685 1126 1750 ἀν
1143 1683 1181 1751 τὸ

171 1791 234 1865 ΞΟ
253 1795 414 1877 ποτήριον
431 1788 587 1858 ἀνωσθέν
605 1789 641 1858 τὸ
662 1790 762 1879 ἐντῷ
780 1793 931 1879 τραχήλῳ
949 1791 1041 1877 ὕδωρ
1060 1794 1181 1878 ποιήση

171 1896 347 1982 ἐπιφράξαι
371 1898 432 1981 τήν
454 1897 637 1982 ἀναπνοήν·
660 1898 762 1963 πάλιν
784 1899 847 1982 γάρ
871 1899 919 1974 εἰς
941 1895 1001 1963 τὸν
1024 1896 1056 1976 ἐξ
1080 1898 1182 1984 ἀρχῆς
1197 1920 1224 1961 ιι

171 2040 202 2106 τὸ
235 2040 310 2126 πρὸς
342 2050 382 2129 τῷ
410 2046 445 2104 Ν
473 2043 592 2123 στόμιον
623 2041 759 2130 ἀνεῳγός.
812 2043 1097 2125 συμπληρωθήσεται
1125 2036 1182 2106 οὖν

171 2133 280 2206 ὄδατος
303 2133 320 2194 ὄ
341 2155 371 2194 τε
393 2133 520 2214 θύρσος,
542 2131 614 2193 ἀλλά
638 2132 674 2210 δὴ
696 2130 746 2192 καὶ
764 2140 817 2192 τοῦ
836 2131 957 2206 σκέλους
975 2142 1028 2194 τοῦ
1048 2139 1182 2212 σολήνος

170 2217 202 2283 τὸ
230 2220 319 2302 μέρος
347 2220 418 2283 ὅσον
445 2218 505 2283 ὄπδ
534 2229 586 2283 τοῦ
609 2220 716 2294 ὄδατος
739 2221 913 2301 βαπτίζεται.
958 2220 1126 2302 ἐγκεχύσθοο
1150 2219 1182 2282 δέ

170 2310 221 2372 καὶ
249 2312 291 2384 είς
318 2306 370 2372 τὸν
397 2310 540 2392 τράχηλον
567 2318 619 2371 τοῦ
642 2314 700 2370 ΑΒ
724 2307 842 2390 ἀγγείου
865 2311 945 2392 ὄδοορ
969 2308 1082 2392 ὀλίγον,
1109 2310 1182 2372 ὥστε

171 2397 330 2480 ἐπιρράξαι
357 2397 411 2478 τήν
438 2396 594 2477 ἀναπνοήν
622 2408 675 2459 τοῦ
702 2407 826 2459 πνικτοῦ
850 2398 1002 2479 διαβήτου.
1048 2399 1181 2481 πλήρους
1196 2416 1223 2458 ιο

172 2479 228 2549 οὖν
251 2485 336 2560 ὄντος
360 2498 413 2548 τοῦ
433 2491 492 2548 ΑΒ
515 2485 644 2569 ἀγγείου,
668 2486 704 2548 οὐ
727 2487 824 2568 ῥεύσει
847 2484 863 2547 6
882 2491 917 2547 H
934 2484 1062 2569 κρουνὸς
1085 2489 1182 2550 καίτοι

171 2574 321 2661 ἀνεῳγάς,
352 2575 508 2658 ἐπειδήπερ
542 2573 557 2637 6
590 2573 647 2658 ἀήρ
680 2575 735 2637 οὐκ
765 2574 822 2656 ἔχει
851 2577 1042 2658 παρείσδυσιν
1070 2577 1120 2638 διά
1148 2574 1180 2638 τὸ

171 2661 297 2746 ἐγχυθέν
329 2665 370 2737 είς
402 2663 453 2726 τὸν
485 2665 627 2746 τράχηλον
654 2664 744 2746 ὕδωρ.
795 2663 1041 2739 δποσπασθέυτος
1069 2663 1101 2728 δὲ
1127 2677 1181 2729 τοῦ

170 2753 314 2834 ποτηρίου
342 2751 456 2834 ἀνάγκη
483 2754 657 2832 κεναθήναί
682 2776 709 2814 τι
735 2750 823 2832 μέρος
849 2765 902 2816 τοῦ
930 2753 962 2816 ἐν
980 2751 1027 2839 ’τῷ
1049 2756 1180 2843 ποτηρίῳ

172 2839 293 2915 σκέλους
324 2851 377 2904 τοῦ
407 2842 551 2920 σίφιουος·
585 2843 627 2916 εἰς
654 2839 686 2904 δέ
713 2841 765 2904 τὸν
791 2843 973 2924 κενούμενον
1000 2845 1091 2907 τόπον
1119 2844 1182 2906 ἐπι·
1197 2859 1224 2900 25

172 2931 374 3009 σπασδήσεται
397 2929 413 2992 6
437 2929 561 3012 συνεχής
584 2929 649 3013 ἀήρ.
696 2925 783 3004 οὗτος
807 2929 838 2993 δέ
861 2931 893 2993 τὸ
916 2930 1041 3013 ἐγχυθέν
1064 2934 1107 3006 είς
1129 2933 1182 2996 τὸν

171 3020 314 3101 τράχηλον
347 3020 428 3100 ὕδωρ
460 3021 719 3098 συνεπισπάσετοιι,
752 3019 823 3081 ὥστε
850 3018 1020 3103 ἀποφράξαι
1045 3020 1101 3100 τήν
1128 3032 1182 3084 τοῦ

170 3119 296 3171 πνικτοῦ
324 3109 468 3189 διαβήτου
494 3119 548 3171 τοῦ
570 3113 629 3170 ΕΖ
657 3107 821 3188 ἀναπνοήν.
867 3108 918 3172 καὶ
945 3107 994 3170 διά
1018 3119 1105 3171 τοῦτο
1128 3119 1181 3171 τοῦ

171 3196 257 3280 ἀέρος
284 3197 438 3279 ἐσχηκότος
466 3199 673 3280 παρείσδυσιν,
703 3199 799 3278 ρεύσει
827 3195 843 3258 6
871 3201 906 3257 Π
928 3196 1069 3279 κρουνός,
1097 3194 1181 3279 ἀχρις

170 3284 208 3349 ἀν
222 3286 255 3348 τὸ
268 3283 325 3353 ΞΟ
338 3287 479 3368 ποτήριον
493 3283 631 3348 άνοισθέν
645 3287 755 3372 ποιήση
769 3284 928 3368 ἐπιρράξαι
941 3284 995 3364 τήν
1010 3284 1180 3366 ἀναπνοήνΙ
1196 3302 1224 3343 εο

170 3376 259 3438 πάλιν
281 3375 336 3458 γάρ
360 3376 402 3449 είς
425 3374 476 3437 τὸν
499 3375 528 3451 ἐξ
552 3374 642 3457 ἀρχῆς
665 3375 757 3436 τόπον
778 3372 1102 3455 ἀποκατασταδήσετοιι·
1131 3375 1181 3438 καλ

243 3545 398 3614 ῙδὴΑίδιε
422 3545 495 3601 δέΤ
577 3544 665 3599 3καλ
688 3543 778 3598 om.T
854 3546 913 3600 4f.
933 3546 1055 3618 πλήρους
1077 3543 1179 3620 (οὖν).
1279 3583 1280 3614 ,

171 3616 205 3671 cf.
220 3615 269 3671 lin.
285 3623 317 3670 21
391 3617 471 3680 ὄντος
488 3614 597 3687 A‚GT:
617 3612 701 3686 ὄνΑ,
777 3617 941 3688 ὄάνεαγάς
956 3619 1007 3690 Α,;
1027 3617 1182 3688 ἀνεωγότος
1279 3637 1280 3654 ³
