2596 3886
146 178 212 243 252
263 179 413 232 ΗΡΩΝΟΣ
432 173 701 236 ΑΛΕΞΑΝΔΡΕΩΣ
719 176 988 230 nmmum
1006 178 1038 230 Β.

145 343 293 427 πλήρους
329 343 426 417 όντος
461 338 572 426 ἀέρος,
609 341 755 405 δυνατόν
791 338 860 405 ἐστι
891 337 1082 424 προσθέντα
1114 347 1159 426 τῷ

147 451 283 532 στόματι
306 448 343 512 τὸ
368 451 449 513 ΛΜ
465 455 572 533 τρῆμα
596 445 774 531 έκμυζῖγσαί
793 471 825 511 τι
847 444 947 531 μέρος
969 455 1030 511 τοῦ
1053 444 1160 530 ἀέρος,

147 549 218 620 εἶτα
235 555 338 620 πάλιν
356 553 597 640 ἐπιστρέψαντα
615 554 652 618 τὸ
672 552 841 620 έπιτόνιον
858 552 913 618 καὶ
930 554 975 638 μή
994 551 1160 638 ἀφελόντα

147 670 208 727 τοῦ
238 663 398 746 στόματος
425 661 463 726 τὸ
492 662 659 747 σμήρισμα
686 664 774 745 ἔχειν
801 659 1010 746 ήραιωμένον
1036 660 1097 726 τόν
1124 659 1161 724 ἐν

74 825 76 829 ,
146 775 193 856 τςῖ
217 771 280 834 ΓΛ
304 766 425 854 ἀγγείῳ
449 764 538 852 ἀέρα.
584 775 683 832 τοῦτο
707 762 770 833 οὖν
790 769 967 844 πλεονάκις
988 775 1202 858 ποιούμεν,ῤ

147 873 262 961 μέχρις
285 869 325 939 ού
348 875 457 940 πολὺν
481 872 710 958 έκμυζήσωμεν
733 872 822 959 ἀέρα.
868 876 979 940 ἔπειτα
1001 870 1161 960 προσθεὶς
1188 863 1191 884 ²

148 991 187 1068 τῇ
216 978 313 1067 σαρκὶ
340 981 402 1064 τήν
429 981 563 1064 σικύαν,
588 980 639 1057 ηὼς
665 982 746 1058 έθος
773 980 878 1065 ἐστίν,
906 980 1030 1063 ἀνοίγω
1057 981 1097 1045 τά
1125 977 1162 1044 έν

148 1071 195 1176 τῳ
214 1092 252 1153 Ν
253 1085 284 1161 Ξ
305 1089 505 1173 σμήρίσματι
523 1088 671 1172 τρήματα
689 1088 746 1152 ἀιά
763 1097 824 1153 τοῦ
843 1087 1022 1152 ε’πιτονίου.
1062 1084 1162 1166 ἀναγ-

149 1205 246 1261 καῖον
274 1189 336 1260 οὖν
365 1193 456 1260 ἐστιν
483 1195 530 1271 εῑς
556 1194 617 1258 τὸν
643 1202 704 1259 τοῦ
728 1192 765 1259 έν
787 1202 833 1282 τῳ
856 1196 918 1258 ΓΔ
941 1192 1037 1280 ἀέρος
1058 1195 1163 1257 τόπον

149 1304 380 1387 μεταχωρήσαί
400 1323 432 1365 τι
455 1298 555 1385 μέρος
576 1309 637 1365 τοῦ
660 1299 697 1364 έν
719 1308 765 1388 τῳ
783 1305 889 1365 ΑΔΕ
910 1298 1030 1387 ἀγγείῳ
1054 1295 1162 1383 ἀέρος·
1177 1297 1205 1356 1ο

151 1411 198 1487 εἰς
221 1405 258 1474 δέ
281 1409 341 1474 τὸν
362 1407 566 1492 κενούμενον
588 1405 663 1472 ἀντὶ
686 1407 807 1473 τούτου
830 1410 934 1473 τόπον
952 1405 1164 1471 ἐπισπάσεται

150 1505 212 1599 τήν
239 1539 274 1580 τε
302 1515 407 1601 σάρκα
434 1511 489 1579 καὶ
517 1515 578 1597 τήν
604 1513 670 1578 ὑπὸ
698 1515 759 1598 τήν
783 1514 888 1599 σάρκα
909 1513 995 1597 ύλήν
1018 1513 1075 1579 διὰ
1097 1521 1165 1576 τῶν

151 1621 370 1708 ἀραιωμάτων
406 1627 464 1704 τῆς
499 1622 633 1707 σαρκός,
670 1619 691 1686 ἀ
723 1621 764 1704 δή
797 1619 1009 1704 ἀθεωρήτους
1039 1620 1165 1702 πόρους

151 1735 325 1812 καλοῦμεν.

600 1848 720 1916 XVIII.
1179 1866 1206 1908 ιε

219 1974 286 2042 Καὶ
318 1976 337 2041 ὁ
369 1975 572 2059 καλούμενος
604 1971 641 2040 δέ
672 1980 839 2051 πνούλκος
871 1975 927 2040 όιά
954 1974 1078 2058 ταύτην
1105 1975 1166 2058 τήν

153 2086 263 2151 αἰτίαν
286 2082 422 2170 ἐνεργεῖ.
610 2095 612 2102 ’

162 2213 165 2216 ·
220 2189 502 2279 Κατασκευάζεται
534 2190 598 2273 γάρ
631 2187 787 2265 αὐλίσκος
818 2194 929 2265 κοῖλος
960 2187 1119 2273 ἐπιμήκης
1147 2186 1165 2254 ὁ
1206 2210 1208 2214 ·

154 2335 251 2419 ἀέρος,
265 2335 394 2398 δυνατόν
407 2334 468 2397 έστι
480 2331 651 2417 προσθέντα
660 2340 699 2420 τῷ
711 2333 830 2414 στόματι
839 2333 874 2396 τὰ
882 2339 925 2414 Λ,
934 2338 976 2396 Μ
981 2335 1168 2417 σμήρίσματα

154 2425 317 2506 έκμυζῖγσαί
337 2447 365 2486 τι
387 2422 474 2506 μέρος
495 2431 550 2485 τοῦ
573 2422 674 2504 ἀέρος,
701 2416 762 2484 εἶτα
784 2423 874 2485 πάλιν
897 2421 1111 2506 ἐπιστρέψαντα
1133 2423 1165 2484 τὸ
1180 2440 1208 2481 ευ

154 2513 304 2577 ἐπιτόνιον
334 2512 386 2575 καί
417 2511 564 2591 ἀφελόντα
594 2521 647 2574 τοῦ
680 2512 822 2593 στόματος
853 2512 886 2574 τὸ
916 2513 1067 2595 σμήρισμα
1093 2511 1168 2595 ἔχειν

155 2600 341 2684 ήραιωμένον
370 2601 423 2663 τὸν
446 2600 479 2663 ἐν
502 2603 542 2685 τῷ
564 2604 619 2661 ΓΔ
641 2598 747 2687 ἀγγείῳ
770 2599 849 2684 ἀέρα.
894 2611 981 2664 τοῦτο
1004 2593 1061 2664 οὖν
1082 2607 1169 2663 πλεο-

155 2691 242 2765 νάκις
260 2700 416 2772 ποιοῦμεν,
439 2689 537 2771 μέχρις
556 2683 593 2752 ού
611 2689 707 2752 πολύν
725 2688 934 2771 έκμυζήσωμεν
951 2689 1031 2773 ἀέρα.
1071 2689 1169 2753 ἔπειτα

156 2777 337 2862 προσθέντες
359 2789 395 2864 τῇ
418 2778 505 2861 σαρκὶ
526 2777 582 2858 τήν
604 2779 722 2858 σικύαν,
744 2776 784 2852 ὡς
808 2777 880 2853 ἔθος
897 2779 988 2860 ἐστίν,
1010 2779 1169 2862 ἀνοίγομεν

156 2869 192 2933 τά
215 2869 248 2931 έν
272 2874 312 2954 τῷ
335 2865 400 2934 ΝΞ
417 2869 596 2950 σμήρίσματι
616 2866 749 2950 τρήματα
772 2868 822 2929 όιά
844 2879 897 2932 τοῦ
919 2868 1078 2932 ἐπιτονίον.
1119 2869 1168 2930 καὶ
1183 2887 1211 2929 ιε

157 2958 187 3033 έξ
219 2956 351 3040 ἀνάγκης
383 2958 425 3030 είς
456 2955 508 3018 τόν
540 2967 593 3019 τού
624 2956 658 3019 έν
685 2963 724 3042 τῷ
751 2960 805 3018 ΓΔ
832 2956 938 3044 ἀγγείῳ
966 2956 1051 3040 ἀέρος
1077 2957 1169 3019 τόπον

159 3046 356 3129 μεταχωρήσει
380 3070 409 3108 τι
437 3044 523 3129 μέρος
545 3055 599 3109 τού
621 3044 654 3107 έν
676 3053 717 3132 τῷ
740 3050 837 3107 ΑΔΕ
858 3047 967 3132 στομίῳ
989 3055 1041 3126 τῆς
1065 3047 1169 3119 σικύας

158 3135 245 3219 ἀέρος
272 3137 315 3209 εἰς
339 3134 550 3218 ἀναπλήρωσιν
571 3145 625 3196 τοῦ
647 3132 843 3208 κενωθέντος·
872 3136 913 3208 είς
936 3132 968 3196 δὲ
991 3134 1043 3196 τὸν
1065 3135 1169 3196 κενού-

159 3249 250 3306 μενον
277 3235 330 3287 τοιῖ
358 3225 480 3305 στομίου
507 3223 579 3306 ἀέρα
605 3222 910 3303 ἀντεπισπασθήσεται
934 3231 987 3303 τῆς
1009 3223 1117 3305 σαρκός
1139 3247 1170 3288 ,τε

159 3313 246 3397 μέρος
270 3313 321 3376 καλ
343 3309 362 3392 ή
386 3312 453 3396 περὶ
474 3312 528 3392 τήν
552 3313 646 3395 σάρκα
667 3313 724 3392 ύλή
748 3312 797 3374 όιά
819 3322 879 3378 τῶν
901 3311 1095 3395 ἀραιωμάτων
1117 3322 1170 3393 τῆς
1184 3330 1213 3372 σο

160 3403 282 3485 σαρκός,
305 3403 324 3466 ἀ
348 3402 385 3482 δή
408 3403 521 3484 πόρους
543 3400 672 3482 ἀδήλους
694 3406 794 3463 καλεῖν
817 3402 967 3464 εἰώθασιν.

133 3620 185 3632 „.
214 3583 215 3591 ¹
232 3562 248 3610 6
272 3551 466 3627 έκμυζήαωμεν
484 3555 520 3612 T:
544 3550 732 3626 έτμνζήοομεν
750 3553 806 3610 AG
897 3562 929 3611 12
952 3557 1006 3613 ὑπὸ
1025 3556 1127 3611 Haase·
1141 3553 1172 3608 in
