2574 3918
172 161 237 228 502
409 164 572 216 v1ruuv11
589 165 639 216 us
657 163 944 216 memmerunt.

172 324 331 388 foramina
362 323 588 407 respondentia
619 324 750 388 naribus
783 345 863 409 quae
895 328 971 388 sunt
1002 323 1037 388 in
1074 325 1213 390 tabula

173 452 305 515 summa,
320 453 400 517 quae
414 430 525 495 tabula
538 451 649 516 graece
663 429 760 508 πιναξ
776 430 900 494 dicitur.
937 430 1021 494 inter
1039 431 1209 496 tabulam

172 542 205 602 et
222 560 344 602 canona
361 537 491 622 regulae
509 541 584 602 sunt
602 537 811 620 interpositae
829 537 870 600 ad
893 536 1027 600 cundem
1051 538 1204 602 modum

171 646 294 710 foratae
327 649 359 709 ct
391 644 462 708 oleo
495 644 644 708 subactae
676 647 713 707 ut
745 643 884 707 faciliter
919 643 1122 726 inpellantur
1165 649 1205 708 et

171 774 282 817 rursus
300 753 459 816 introrsus
478 751 679 834 reducantur,
699 771 779 835 quae
799 750 952 814 obturant
970 772 1007 813 ea
1024 749 1202 815 foramina
1228 770 1241 810 s
1277 797 1278 808 ,

171 857 410 942 plinthidesque
425 857 635 940 appellantur.
674 879 808 941 quarum
827 856 893 921 itus
912 859 944 919 et
963 856 1084 920 reditus
1106 857 1199 922 alias

136 965 302 1028 resume
325 963 404 1028 alias
427 963 531 1047 aperit
553 964 792 1028 terebrationes.
829 963 888 1027 hae
912 962 1041 1048 regulae
1063 963 1198 1028 habent

170 1070 274 1133 ferrea
300 1069 473 1156 chordagia
499 1071 564 1134 fixa
591 1074 623 1134 ct
650 1070 759 1133 iuncta
786 1090 859 1133 oum
888 1069 1010 1153 pinnis,
1047 1092 1195 1154 quarum
1277 1061 1278 1132 ξ

170 1177 341 1261 pinnarum
356 1180 460 1241 tactus
475 1176 635 1241 motiones
650 1175 750 1240 efficit
769 1175 953 1262 regularum
972 1175 1193 1241 continenter.
1277 1141 1278 1208 l

170 1304 268 1365 supra
303 1283 431 1348 tabulae
467 1283 638 1367 foramina,
675 1305 738 1367 qua
775 1304 813 1346 ex
856 1281 1021 1347 canalibus
1062 1282 1193 1347 habent
1208 1305 1235 1344 lo

170 1411 334 1475 egressum
358 1390 505 1475 spiritus,
532 1394 608 1455 sunt
631 1389 719 1453 anuli
744 1389 950 1475 adglutinati,
978 1389 1096 1473 quibus
1126 1389 1192 1454 lin—

170 1495 263 1581 gulae
296 1497 440 1560 omnium
471 1496 680 1561 includuntur
721 1517 924 1582 organorum.
980 1517 997 1558 e
1032 1495 1190 1561 modiolis

169 1605 277 1667 autem
308 1603 435 1667 fistulae
472 1607 547 1667 sunt
583 1603 784 1667 continentes
820 1603 1009 1666 coniunctae
1048 1602 1189 1688 pnigeos

170 1710 347 1774 cervicibus
366 1710 625 1794 pertinentesque
644 1709 684 1773 ad
702 1730 794 1773 nares
814 1730 895 1794 quae
915 1712 991 1773 sunt
1010 1708 1044 1772 in
1066 1709 1187 1774 arcula.

169 1816 340 1901 inquibus
359 1838 445 1881 asses
465 1819 540 1881 sunt
559 1838 598 1880 ex
621 1821 715 1880 torno
740 1816 865 1880 subacti
887 1819 920 1879 et
942 1815 989 1879 ibi
1014 1814 1187 1901 conlocati,
1203 1835 1228 1875 15

171 1923 235 2009 qui,
253 1944 326 1988 cum
344 1923 459 2007 recipit
477 1923 585 1987 arcula
603 1924 751 2008 animam,
770 1923 921 2007 spiritum
939 1943 1005 1986 non
1020 1922 1187 2005 patientur

135 2029 356 2094 soecuranees
388 2029 547 2094 foramina
578 2051 688 2093 rursus
725 2029 836 2092 redire.
882 2029 928 2093 ita
965 2049 1038 2092 oum
1075 2033 1184 2093 vectes

170 2135 382 2220 extolluntur,
410 2157 547 2201 ancones
570 2135 730 2200 deducunt
753 2135 870 2200 fundos
898 2135 1115 2200 modiolorum
1143 2137 1184 2199 ad

170 2241 272 2305 imum
286 2241 493 2327 delphinique
508 2243 563 2327 qui
578 2242 701 2307 suntin
715 2241 879 2306 verticulis
898 2241 1023 2325 inclusi,
1041 2241 1182 2305 calantes

170 2347 205 2411 in
224 2368 278 2412 cos
297 2348 451 2433 cymbala,
470 2354 541 2414 a‘c're
559 2348 695 2433 implent
715 2349 819 2432 spatia
838 2347 1062 2431 modiolorum,
1085 2350 1181 2432 atque
1197 2369 1224 2410 ro

171 2475 308 2519 ancones
332 2455 521 2519 extollentes
551 2455 668 2519 fundos
697 2455 783 2519 intra
812 2454 971 2519 modiolos
1001 2453 1181 2518 vehementi

171 2560 283 2644 pulsus
320 2562 491 2626 crebritate
527 2564 559 2624 ct
601 2561 787 2626 obturantes
828 2560 986 2625 foramine
1027 2560 1180 2644 cymbalis

171 2669 346 2752 superiora,
369 2673 442 2733 aera
465 2669 521 2753 qui
544 2672 593 2732 est
615 2668 661 2732 ibi
685 2667 828 2732 inclusus
851 2667 1071 2750 pressionibus
1094 2688 1179 2731 coac-

171 2778 241 2838 tum
264 2775 298 2839 in
319 2775 445 2840 fistulas
469 2778 601 2861 cogunt,
629 2796 686 2858 per
709 2795 788 2859 quas
816 2775 851 2838 in
876 2774 994 2859 pnigea
1021 2774 1179 2838 concurrit

171 2884 203 2944 et
222 2903 279 2966 per
297 2881 365 2946 cius
384 2882 521 2947 cervices
541 2883 575 2946 in
593 2866 741 2947 arculam.
778 2881 921 2945 motione
944 2902 1019 2945 vero
1043 2880 1178 2944 vectium
1193 2901 1219 2942 ae

170 2988 407 3054 vehementiore
426 2989 559 3073 spiritus
578 2989 727 3074 frequens
745 3008 946 3071 compressus
966 2987 1178 3071 epitoniorum

135 3096 330 3179 teperturis
353 3096 461 3160 influit
484 3100 516 3161 et
538 3096 641 3180 replet
664 3095 771 3159 anima
794 3093 927 3158 canales.
973 3094 1081 3178 itaque
1110 3115 1178 3158 cum
1277 3183 1278 3188 η

171 3202 287 3286 pinnae
319 3203 468 3268 manibus
501 3207 604 3267 tectae
636 3201 822 3286 propellunt
855 3204 886 3264 et
918 3200 1074 3264 reducunt
1110 3221 1178 3264 con·
1277 3231 1278 3264 ;

118 3326 156 3366 ase
172 3308 311 3373 tinenter
333 3309 460 3394 regulas
484 3309 615 3372 alternis
632 3305 636 3394 l
653 3308 832 3372 obturando
862 3307 1021 3371 foramina
1051 3307 1176 3371 alternis

172 3414 356 3498 aperiundo,
379 3437 396 3478 e
419 3415 550 3479 musicis
574 3412 697 3477 artibus
721 3412 954 3496 multiplicibus
978 3413 1215 3478 modulorumeo

197 3518 381 3584 rrietatibus
405 3524 555 3585 sonantes
579 3519 721 3583 excitant
743 3539 845 3583 voces.
