2594 3892
60 3613 105 3621 ..n-,⁷

163 241 227 305 150
280 242 429 294 ΗΡΩΝΟΣ
447 236 714 299 ΑΛΕΞΑΝΔΡΕΩΣ
733 240 1000 294 ΠΝΕΤΜΑΤΙΚΩΝ
1018 241 1049 292 Α.
1112 269 1115 277 -

160 401 308 488 πυθμένι
348 412 467 488 τρῆμα·
509 402 601 480 έντὸς
638 400 675 468 δὲ
711 403 832 468 τούτου
868 400 978 488 ἕτερος
1015 401 1171 477 αὐλίσκος

54 591 56 598 Α
161 511 179 576 6
213 514 292 575 AM
316 512 398 576 κατὰ
429 505 490 594 μὲν
518 511 556 575 τὸ
581 514 611 573 A
642 507 740 595 μέρος
771 505 1095 592 προσκεκολλημένος
1123 516 1170 596 τῷ

162 619 316 701 ΖΗΘΚ,
342 617 424 682 κατά
454 611 491 681 δέ
517 617 554 681 τὸ
578 621 610 680 E
630 624 736 702 τρῆμα
758 611 813 680 καὶ
835 613 935 692 αὐτὸς
957 623 1063 700 τρῆμα
1086 616 1171 699 ἔχων

159 724 197 789 τὸ
222 728 270 787 Π·
293 723 412 807 μεταξὺ
435 719 472 788 δέ
494 734 562 788 τῶν
585 721 767 809 εἰρημένων
790 723 852 788 δύο
875 719 1043 790 αὐλίσκων
1060 719 1171 807 ἕτερός

160 828 251 894 ἐστιν
274 829 291 894 6
315 828 452 902 ΝΞΟΡ
470 826 773 915 συνεσμηρισμένος
795 825 994 914 ἀμφοτέροις
1011 825 1066 892 καλ
1085 830 1171 911 έχων
1197 843 1211 885 ⁶

159 943 266 1020 τρῆμα
289 936 429 1000 κατὰτὸ
453 940 485 1000 Ε
505 943 611 1021 τρῆμα
633 935 670 999 τὸ
694 939 734 1000 Σ.
778 933 992 1017 καταλλῆλων
1015 929 1077 999 οὐν
1095 936 1170 1001 τού-

160 1064 227 1106 των
244 1053 312 1106 των
329 1043 504 1127 τρημάτων
522 1044 640 1126 ὄντων,
658 1041 717 1107 ἐάν
735 1039 829 1128 ένχέη
848 1065 898 1118 τις
917 1043 964 1118 είς
981 1042 1018 1106 τὸ
1038 1043 1171 1108 ΑΒΓΔ

160 1147 295 1231 ἀγγείου
317 1147 420 1234 ὐύωρ,
443 1147 503 1226 ἔξω
528 1148 637 1234 ῥεύσει
661 1149 717 1214 διὰ
739 1157 799 1213 τοῦ
822 1151 899 1212 AM
920 1146 1093 1214 αὐλίσκου·
1113 1147 1172 1214 έάν

160 1251 197 1320 δὲ
221 1253 468 1340 ἐπιστρέψωμεν
489 1255 549 1319 τὸν
566 1259 605 1320 Ν
605 1254 703 1329 ΞΟΡ
717 1253 886 1337 αὐλίσκον,
905 1255 949 1329 ὡς
966 1254 1171 1340 παραλλάξαι

159 1361 196 1424 τὸ
220 1365 255 1424 Σ
278 1371 398 1446 τρῆμα,
429 1361 537 1427 οὐκέτι
568 1362 686 1448 ῥεύσει.
731 1360 892 1444 γεγονέτω
906 1363 909 1370 '
923 1356 987 1426 οὐν
1012 1361 1031 1426 6
1054 1362 1171 1447 τροχὸς
1184 1379 1211 1419 ω

160 1469 314 1552 σνμφυῆς
349 1475 395 1554 τῷ
422 1471 460 1532 Ν
461 1467 559 1540 ΞΟΡ
586 1469 745 1556 αὐλίσκφ,
777 1469 859 1532 ὥστε
890 1466 1171 1552 έπιστρεφομένου

161 1572 264 1638 αὐτοῦ
286 1574 462 1651 πλεονάκις
485 1575 522 1638 τὸ
544 1574 636 1658 ὕδωρ
661 1575 780 1661 ῥεύσει.

159 1753 230 1814 κατὰ
254 1753 285 1815 τὸ
308 1753 406 1835 μέρος,
428 1748 501 1816 καθ’
522 1751 538 1815 6
562 1753 661 1816 καὶτὸ
685 1759 714 1814 Ε
735 1755 873 1836 τρύπήμά
894 1753 954 1816 ἐστι
975 1763 1028 1817 τοῦ
1051 1757 1170 1815 ΑΒΓΔ

159 1841 290 1923 ἀγγείου·
323 1841 404 1917 ἐντὸς
436 1841 468 1905 δέ
500 1844 588 1904 πάλιν
621 1845 728 1906 τούτου
759 1843 855 1925 ἕτερος
885 1843 1022 1917 αὐλίσκος
1051 1841 1066 1903 6
1094 1847 1173 1904 AM

159 1929 232 1992 κατά
259 1929 314 2012 μὲν
336 1931 368 1993 τὸ
391 1937 423 1993 A
445 1929 532 2014 μέρος
555 1931 840 2014 προσκεκολλημένος
863 1938 903 2017 τῷ
926 1934 1068 2012 ΖΗΘΚ,
1095 1932 1168 1994 κατὰ
1182 1946 1210 1987 15

160 2017 192 2080 δέ
219 2019 254 2081 τὰ
276 2025 315 2100 Ε,
333 2025 364 2080 Σ
383 2021 514 2102 τρήματα
537 2021 587 2083 καὶ
609 2020 698 2094 αὐτὸς
720 2031 816 2103 τρῆμα
838 2020 911 2101 ἔχων
934 2020 966 2083 τὸ
990 2024 1032 2081 Π·
1061 2021 1169 2100 μεταξύ

160 2106 192 2170 δέ
223 2119 282 2170 τῶν
314 2109 476 2191 εἰρημένων
508 2111 563 2173 δύο
596 2111 744 2172 αὐλίσκων
776 2107 871 2192 ἕτερος
903 2108 975 2172 ἔστω
1005 2108 1021 2170 6
1050 2107 1173 2175 ΝΞΟΡ

160 2198 429 2280 συνεσμηρισμένος
452 2197 627 2280 ἀμφοτέροις
649 2198 700 2260 καὶ
721 2199 794 2280 ἔχων
816 2197 889 2260 κατὰ
907 2198 940 2260 τὸ
959 2203 988 2259 Ε
1005 2207 1101 2281 τρῆμα
1119 2198 1169 2260 καί

160 2285 248 2358 αὐτὸς
280 2285 313 2348 τύ
341 2292 374 2348 Τ.
423 2289 471 2349 δεῖ
500 2285 530 2350 δὲ
564 2294 644 2349 νοεῖν
675 2287 728 2361 τὰς
758 2297 817 2348 τῶν
849 2288 991 2350 τοιούτων
1021 2287 1168 2349 αὐλίσκων

160 2373 333 2451 ἐπιφανείας
355 2377 452 2462 πάντη
474 2376 659 2454 ἐφάπτεσθαι
682 2374 824 2456 ἀλλήλων,
846 2376 902 2455 τῆν
920 2399 949 2437 τε
967 2386 1020 2438 τοῦ
1039 2378 1168 2438 ΗΖΘΚ
1183 2391 1210 2430 2⁰

159 2464 263 2542 κοίλην
285 2473 338 2543 τῆς
361 2475 413 2526 τοῦ
433 2462 498 2531 ΝΞ
501 2467 557 2526 ΟΡ
576 2475 683 2547 κυρτῆς
706 2464 757 2527 καὶ
778 2465 833 2544 τῆν
856 2475 908 2527 τοῦ
928 2462 1051 2530 ΝΞΟΡ
1064 2465 1168 2543 κοίλην

159 2561 212 2630 τῆς
234 2561 286 2613 τοῦ
307 2557 386 2613 ΛΜ
403 2563 520 2634 κυρτῆς.
562 2555 674 2616 τούτων
697 2546 753 2616 οὐν
777 2555 870 2628 οὕτως
893 2551 1169 2633 κατεσκευασμένων

159 2638 210 2700 καλ
228 2651 280 2702 τοῦ
300 2645 336 2701 Ν
336 2639 365 2707 Ξ
368 2645 423 2704 ΟΡ
438 2642 581 2706 αὐλίσκου
598 2641 876 2725 περιεστραμμένον,
895 2642 966 2704 ὥστε
983 2642 1016 2704 τὸ
1032 2647 1059 2704 Τ
1073 2651 1169 2724 τρῆμα

160 2727 201 2808 μῆ
233 2722 310 2790 εἶναι
336 2730 395 2791 ὑπὸ
422 2730 454 2792 τὸ
481 2737 524 2811 Σ,
556 2731 609 2793 ἐὰν
636 2729 718 2818 έμχέη
745 2755 789 2805 τις
816 2732 896 2813 ὕδωρ
924 2732 966 2804 είς
993 2730 1025 2792 τὸ
1052 2734 1170 2791 ΑΒΓΔ

160 2816 291 2898 ἀγγεῖον,
325 2818 362 2881 οὐ
393 2821 488 2901 ρεὐσει
516 2819 565 2881 διὰ
591 2820 623 2882 τὸ
651 2821 864 2903 παραλλάσσειν
890 2819 925 2880 τὰ
952 2820 1084 2901 τρήματα
1110 2828 1169 2880 τῶν
1183 2832 1211 2873 2⁶

160 2905 320 2968 αὐλίσκων·
353 2907 405 2970 ἐὰν
434 2907 466 2970 δέ
493 2907 604 2996 στρέψη
632 2908 684 2971 τὸν
712 2907 777 2975 ΝΞ
780 2913 846 2988 ΟΡ,
878 2909 950 2969 ὥστε
977 2907 1012 2968 τὰ
1039 2907 1170 2988 τρήματα

160 2994 313 3076 ὐπάλληλα
333 2995 483 3078 γενέσθαι,
506 2999 602 3079 ρεὐσει
625 2998 675 3059 διὰ
697 3009 749 3060 τοῦ
768 3002 846 3059 AM
863 2997 1012 3058 αὐλίσκον.
1050 2997 1099 3056 δεῖ
1113 2987 1169 3057 οὐν

160 3083 212 3146 τὸν
235 3084 338 3167 τροχὸν
362 3097 486 3168 συμφυῆ
504 3089 641 3168 γίνεσθαι
659 3093 699 3173 τῷ
718 3083 782 3152 ΝΞ
785 3089 840 3148 ΟΡ
855 3085 994 3170 αὐλίσκφ,
1017 3083 1088 3146 ὥστε
1106 3083 1169 3146 ἐπι-

161 3172 361 3255 στρεφομένου
383 3175 475 3238 αὐτοῦ
498 3177 655 3249 πλεονάκις
678 3175 709 3237 τὸ
733 3175 814 3256 ὐύωρ
838 3175 942 3256 ρεύσει.

168 3441 169 3444 ¹
232 3477 248 3526 2
271 3469 290 3526 f.
309 3469 420 3546 <έστω>
443 3476 481 3544 τῷ
573 3477 589 3526 3
612 3469 660 3524 καὶ
684 3468 767 3531 αὐτὸς
788 3476 879 3538 τρῆμα
902 3486 955 3523 om.
975 3467 1026 3540 G„
1049 3468 1113 3522 add.
1133 3466 1168 3539 G,

197 3538 262 3610 ἔχον
285 3541 307 3595 Τ
387 3549 402 3598 7
427 3542 515 3598 ὄντων
539 3541 619 3613 Aa:
643 3557 697 3594 om.
716 3539 765 3612 Gt:
790 3539 882 3594 αὐτῶν
905 3540 928 3593 Τ
1006 3546 1022 3593 9
1046 3535 1172 3607 έπιντρέ·

160 3631 252 3682 φομιν
271 3612 293 3664 Τ
