2604 3908
148 196 214 260 410
250 197 398 250 ΗΡΩΝΟΣ
417 193 618 251 ΑΛΕΞΑΝΔΡ.
633 199 720 250 ΠΕΡΙ
737 199 1157 250 ΑΤΤΟΜΑΤΟΠΟΙΗΤΙΚΗΣ.

148 357 203 424 ὑπ’
232 359 336 424 αὑτοῦ
353 357 661 443 ἀναγεγραμμένων.
702 359 756 424 διὸ
776 359 818 442 δὴ
838 358 879 424 οὐ
896 358 1159 444 παρητησάμεθα

148 467 188 530 τά
206 463 261 531 ὑπ
289 465 392 531 αὑτοῦ
410 464 486 552 περὶ
506 461 554 530 ὧν
572 471 708 550 είπομεν
726 464 947 552 γεγραμμένα·
970 465 1075 542 οὑτως
1093 465 1158 549 γάρ

148 576 323 657 νομίζομεν
345 573 423 648 τοὺς
450 570 711 656 ἐντυγχάνοντας
737 580 795 655 τῆς
822 575 976 656 μεγίστης
998 570 1159 654 ὠφελείας

147 681 334 764 τυγχάνειν,
358 679 438 744 ὅταν
459 680 500 744 τά
522 675 584 763 μὲν
606 684 713 755 καλῶς
735 678 801 744 ὑπὸ
819 689 887 744 τῶν
905 677 1052 764 ἀρχαίων
1070 678 1157 763 ελρη-

147 785 230 870 μένα
261 792 485 872 παρατιθῆται
513 783 640 868 αὐτοῖς,
672 785 712 850 τά
738 781 777 849 δέ
803 781 1110 870 παραθεωρηθέντα
1136 782 1158 866 ἢ
1188 804 1202 846 ε

94 910 134 950 264
149 894 361 977 διορθώσεως
383 894 525 977 τυχόντα
547 889 825 978 καταχωρίλζηται.

56 996 135 1062 XXI
216 997 301 1086 Περὶ
324 1007 382 1082 τῆς
404 1009 471 1063 τῶν
491 1001 655 1063 πινακίων
673 993 736 1063 οὑν
753 1005 954 1080 κατασκευῆς
971 1006 1037 1061 νῦν
1054 994 1159 1084 ἀρξώ-

148 1112 236 1190 μεθα
259 1103 376 1188 λέγειν.
418 1106 486 1168 ἔστι
505 1100 566 1187 μὲν
585 1099 647 1169 οὑν
665 1105 754 1189 παρά
771 1105 857 1169 πολὺ
876 1115 943 1168 τῶν
960 1103 1159 1186 ὑπαγόντων

147 1212 243 1296 ἡ...
266 1216 397 1294 ποίησις
429 1209 656 1297 ἀσφαλεστέρα
686 1234 722 1276 τε
755 1209 810 1276 καλ
837 1209 1077 1295 ἀκινδυνοτέρα
1103 1207 1159 1275 καὶ
1269 1237 1272 1244 ·

148 1321 209 1403 τὴν
232 1317 391 1397 ἐπίδειξιν
413 1317 475 1384 οὑκ
497 1317 666 1384 ἀπίθανον
689 1320 818 1402 ἔχουσα.
863 1318 901 1382 τὸ
925 1314 962 1382 δὲ
984 1316 1159 1402 πρόβλημά
1173 1339 1201 1379 10

149 1425 217 1495 έστι
235 1435 400 1509 τοιοῦτον,
421 1427 505 1491 ὥστε
522 1428 660 1500 πίνακος
679 1423 888 1502 ἐπιτεθέντος
907 1423 963 1489 ἐπί
979 1447 1010 1488 τι
1029 1425 1159 1489 κιόνιον

148 1532 285 1612 ξύλινον
321 1532 523 1618 άνοιχθηναί
556 1554 591 1596 τε
623 1530 810 1615 αὐτόματον
841 1529 896 1595 καὶ
928 1531 968 1595 τά
1000 1529 1038 1595 έν
1069 1530 1159 1617 αὐτῷ

148 1638 402 1726 έζωγραφημένα
434 1641 616 1723 φαίνεσθαι
647 1637 827 1722 κινούμενα
858 1639 941 1724 πρὸς
973 1640 1079 1720 λόγου.
1101 1647 1159 1720 της

147 1745 366 1830 ὑποκειμένης
392 1744 588 1829 διαθέσεως,
616 1743 670 1809 καὶ
698 1745 800 1810 πάλιν
826 1742 1039 1821 κλεισθέντος
1062 1743 1158 1809 αὐτο-

148 1853 254 1937 μάτου
277 1849 490 1935 διαγενέσθαι
514 1851 631 1934 ὀλίγον
653 1856 821 1927 παντελῶς
843 1853 967 1936 χρόνον
988 1848 1043 1916 καὶ
1068 1850 1159 1916 άνοι-
1172 1871 1200 1910 15

149 1957 288 2045 χθέντος
315 1961 496 2043 φαίνεσθαι
523 1960 607 2023 άλλα
633 1960 674 2023 τά
700 1957 738 2023 έν
761 1958 850 2046 αὐτῷ
873 1956 1082 2044 γεγραμμένα
1103 1955 1156 2024 καὶ

149 2067 196 2142 είς
218 2067 255 2130 τὸ
279 2065 423 2130 δυνατὸν
445 2065 547 2130 πάλιν
569 2066 609 2129 τά
628 2064 712 2130 αὑτά
729 2066 751 2148 ἥ
769 2087 844 2129 τινα
863 2064 974 2129 αὐτῶν
991 2071 1159 2131 κινεῖσθαι

113 2171 203 2238 maz
230 2181 328 2237 τοῦτο
354 2172 457 2237 πάλιν
482 2171 659 2247 πλεονάκις
684 2169 858 2254 γενέσθαι,
887 2169 942 2236 καὶ
972 2170 1063 2248 ἐκτὸς
1091 2181 1159 2236 τῶν

148 2280 298 2344 πινάκων
333 2277 353 2362 ἣ
385 2279 532 2363 μηχανάς
563 2275 739 2363 αλρομένας
770 2281 951 2361 φαίνεσθαι
982 2275 1037 2342 καὶ
1068 2300 1160 2361 περι-

149 2385 311 2470 αγομένας
333 2383 353 2468 ἣ
373 2386 473 2462 άλλας
495 2386 588 2461 τινάς
610 2386 764 2467 κινήσεις.
802 2380 903 2468 ἡμὲν
922 2378 984 2448 οὑν
997 2383 1160 2460 ὑπόθεσις
1173 2405 1201 2444 εο
1275 2399 1278 2408 ’

148 2492 299 2575 τοιαύτη·
323 2489 533 2576 χαριέστατος
556 2487 594 2555 δὲ
616 2501 684 2555 τῶν
706 2489 1017 2576 μεταχειριζομένων
1040 2489 1057 2556 ὑ
1081 2495 1159 2574 γλα-

149 2600 349 2685 φυρωτάτην
389 2599 544 2665 διάθεσιν
585 2597 737 2664 ἐπινοῶν.
775 2600 879 2676 ιὥστε
916 2599 1159 2683 προθησόμεθα

148 2709 229 2791 μίαν
256 2715 323 2770 τῶν
346 2704 547 2788 διαθέσεων,
573 2704 616 2788 ἣν
638 2706 779 2789 μάλιστα
800 2708 973 2790 κρίνομεν,
1001 2703 1056 2770 καὶ
1079 2705 1159 2787 μετά

148 2812 294 2895 <ταῦτα>
326 2812 387 2894 την
418 2812 624 2895 κατασκευὴν
656 2810 895 2896 έμφανιοῦμευ·
932 2809 1062 2896 άρκέσει
1094 2810 1159 2895 γάρ

148 2915 224 3003 περὶ
253 2915 327 2994 ἑνὸς
352 2922 512 2995 πίνακος.
527 2968 534 2983 .
549 2938 570 2983 .·
597 2920 654 2985 διά
681 2919 744 3005 γάρ
774 2929 840 2984 τῶν
863 2917 974 2984 αὐτῶν
995 2918 1098 2982 πάλιν
1119 2916 1160 2981 τά
1174 2935 1200 2976 ει

219 3074 285 3129 ιτα
299 3074 386 3130 om.'I¹
457 3081 527 3129 4-5
542 3072 681 3145 εὑρημένα
694 3075 775 3129 Prou.
812 3074 862 3128 sed
876 3074 911 3131 of.
921 3074 1028 3144 Dioptr.
1039 3093 1065 3144 p.
1077 3078 1159 3141 174‚8

148 3145 227 3201 Vino.
247 3152 263 3200 5
282 3148 333 3201 aut
355 3143 372 3214 ἢ
397 3145 451 3201 del.
471 3149 520 3200 aut
542 3144 560 3215 ἢ
584 3145 858 3218 (παραλειφθέντα)
879 3145 931 3200 vel.
946 3145 1006 3199 sim.
1021 3143 1159 3200 Brinkm.:

148 3215 199 3284 λ’,ἣ
219 3217 380 3290 (δυσχερῶς
402 3214 550 3290 ῥηθέντα)
572 3216 617 3271 vel
638 3215 656 3286 ἢ
681 3215 962 3291 <διαμαρτηθέντα>.
1002 3216 1035 3271 cf.
1050 3215 1159 3286 Dioptr.

148 3307 174 3358 p.
192 3294 252 3357 174,
268 3294 344 3344 7-8.
361 3295 395 3343 10
467 3291 482 3342 ὑ
505 3289 699 3357 παρατίθηται
723 3287 802 3343 codd.
875 3293 891 3342 8
913 3290 1000 3357 caput
1018 3290 1083 3341 ante
1102 3288 1160 3343 ἔστι

149 3357 328 3430 disn'ngffl
384 3365 453 3414 8-9
467 3358 514 3428 λὴ
530 3359 607 3432 <τῶν
622 3359 748 3432 οτατῶν)
763 3355 874 3428 ποίησις
927 3360 1069 3427 9ποίηοις
1083 3359 1160 3431 (τῶν

149 3430 276 3503 στατῶν)
287 3431 359 3484 Prou
406 3436 439 3484 10
449 3429 673 3485 άπείθανονΑΤ
719 3428 959 3503 12λῖτε<αὑτδν>
1005 3435 1038 3483 14
1047 3429 1160 3484 λπάλιν

50 3558 54 3559 γ
149 3499 203 3554 del.
294 3507 327 3555 15
346 3501 364 3554 f.
380 3501 429 3555 καί
446 3501 574 3624 (πάλινῗ
661 3507 693 3554 16
719 3500 788 3554 ἄλλα
806 3499 841 3554 τὰ
859 3515 889 3556 a:
909 3499 970 3555 ἄλλ’
986 3501 1055 3555 άττα
1069 3500 1159 3556 Diels:

148 3569 167 3624 f.
186 3571 221 3625 τδι
239 3571 321 3626 ἄλλαι
345 3572 414 3626 άλλα
432 3571 497 3626 τινδι
515 3587 548 3625 ve
577 3570 646 3625 άλλα
665 3590 694 3625 τε
713 3570 836 3626 Bn'nkm.
929 3578 960 3626 17
984 3571 1019 3626 τὺι
1038 3571 1110 3626 αὑτά
1129 3587 1159 3628 a:
