2604 3908
168 168 235 232 364
269 168 420 221 ΗΡωαοΣ
439 165 641 224 mmm.
656 168 743 219 ΠΕΡΙ
762 169 1185 223 ΑωυοιικΤοΠοιΗΤιΚΗΣ.

129 338 147 393 3
171 335 241 415 ΤΥ,
267 335 338 396 OX.
384 330 488 406 ούτως
512 325 575 394 οὖν
597 330 811 413 τετάχθωσαν
833 331 866 395 ολ
883 327 996 414 τροχοὶ
1020 339 1058 414 τῇ
1076 327 1184 414 θέσει,

167 439 251 503 ὥστε
270 436 362 514 ἑστὸς
380 435 428 502 ἐπ’
447 436 613 501 αὐτῶντὸ
637 439 798 501 πλινθίον
820 437 1019 522 λσορροπεῑν.
1066 437 1098 500 ολ
1117 438 1185 522 άρα

166 546 334 620 κνωδακες
356 555 423 609 τῶν
446 542 575 621 ἀξόνων
597 545 729 607 ἔσονται
751 542 834 628 πρὸς
856 553 926 618 τοῖς
960 547 996 626 Τ,
1024 548 1059 627 Y,
1084 547 1127 627 0,
1152 549 1190 608 X
1295 565 1300 588 ¹

168 652 322 733 σημείοις.
371 649 473 714 πάλιν
501 643 563 713 οὖν
590 647 710 732 μεταξύ
738 659 805 713 τῶν
832 653 879 731 Α,
903 651 942 712 H
965 649 985 732 ἡ
1015 648 1184 737 έξελίκτρα

166 759 306 838 κείσθω,
333 753 408 840 περὶ
435 754 479 837 ἣν
505 753 525 836 η
555 755 698 841 σπάρτος
727 753 917 838 έπειλεῑται,
947 751 1007 821 καλ
1030 759 1070 822 τά
1097 758 1183 823 αὐτὰ
1211 773 1226 814 ⁵

114 880 153 922 εει
166 859 328 945 γεγονέτω
347 872 416 937 τοῖς
434 863 626 946 ἔμπροσθεν
644 859 837 946 εἰρημένοις.
868 860 923 926 καὶ
943 863 1047 940 οὕτως
1068 864 1071 947 λ
1093 863 1184 949 ἐνεχ-

166 971 306 1051 θησεται
328 970 410 1032 κατά
432 975 493 1032 τοῦ
516 966 692 1053 εἰρημένου
714 968 839 1033 κύκλου
862 969 899 1032 τὸ
922 974 1091 1037 πλινθίον.

72 1074 153 1139 VIII
230 1072 309 1138 Ἐάν
340 1077 404 1161 γάρ
435 1082 542 1151 κῶνος
573 1078 725 1158 κυλίηται
752 1076 834 1140 κατὰ
863 1073 1035 1161 ἐπιπέδου,
1067 1077 1087 1162 ἡ
1120 1075 1183 1162 μὲν

167 1181 263 1266 βάσις
286 1180 389 1246 αὐτοῦ
412 1181 533 1267 γράψει
555 1181 689 1266 κύκλον,
713 1177 753 1247 οὗ
776 1181 796 1264 ἡ
821 1181 856 1246 ἐκ
879 1192 939 1248 τοῦ
962 1181 1102 1269 κέντρου
1125 1191 1182 1268 ίση

168 1287 237 1353 έστλ
260 1299 298 1374 τῇ
322 1297 382 1354 τοῦ
405 1289 515 1352 κώνου
537 1292 679 1374 πλευρᾷ,
703 1288 724 1371 ἡ
748 1284 786 1353 δὲ
808 1290 939 1375 κορυφὴ
963 1289 1066 1355 αὐτοῦ
1089 1290 1182 1375 μένει
1195 1307 1224 1346 10

168 1395 321 1479 ἀκίνητος
343 1393 482 1480 κέντρον
505 1389 589 1459 οὖσα
611 1403 672 1459 τοῦ
695 1392 870 1479 εἰρημένου
893 1396 1027 1461 κύκλου.

236 1503 277 1566 Ολ
301 1498 338 1567 δὲ
356 1506 435 1585 ΕΖ,
456 1504 536 1584 ΘΚ,
557 1505 626 1564 ΠΡ
643 1499 757 1586 τροχοὶ
781 1499 817 1565 έν
840 1502 960 1578 κώνοις
984 1500 1048 1568 εἰσὶ
1072 1504 1181 1588 δυσίν,

168 1603 216 1674 ὧν
243 1609 355 1693 βάσεις
381 1605 443 1692 μὲν
472 1609 504 1672 ολ
528 1611 606 1690 ΕΖ,
630 1611 699 1671 ΠΡ
716 1607 848 1690 κύκλοι,
870 1609 1003 1693 κορυφὴ
1027 1605 1064 1674 δὲ
1087 1611 1123 1674 τὸ
1147 1615 1181 1674 Δ

130 1721 313 1798 λσημεῑον.
364 1715 415 1779 ὅτι
447 1710 484 1779 δὲ
517 1715 549 1780 ολ
580 1723 683 1779 κῶνοι
714 1715 747 1778 ολ
780 1715 960 1789 λσοσκελελς
990 1717 1182 1800 κυλιόμενοι

168 1821 311 1898 κύκλους
334 1844 369 1886 τε
391 1820 560 1906 γράφουσι
582 1818 637 1885 καὶ
660 1821 721 1903 την
742 1821 896 1905 κορυφὴν
914 1823 1049 1905 ἔχουσιν
1068 1821 1180 1906 άκίνη-
1194 1837 1220 1878 15

169 1952 243 2011 τον,
267 1929 427 2013 φανερόν·
449 1930 599 2010 κείμενος
621 1928 684 2013 γάρ
709 1926 746 1991 έν
769 1934 814 2013 τῷ
839 1925 981 2015 ἐπιπέδῳ
1005 1926 1060 1992 καὶ
1083 1932 1181 2012 βεβη-

168 2035 233 2111 κὼς
255 2036 337 2099 κατά
360 2035 421 2118 τὴν
445 2033 564 2099 ἑαυτοῦ
586 2035 735 2118 πλευράν
757 2035 935 2119 ἰσόρροπός
953 2033 1043 2100 ἐστιν
1062 2033 1181 2122 ἑαυτῷ·

169 2140 320 2225 τέμνεται
347 2143 410 2228 γάρ
438 2141 504 2206 ὑπὸ
527 2149 587 2205 τοῦ
611 2141 667 2205 διδ
690 2148 748 2223 της
769 2144 914 2225 πλευρᾶς
938 2139 1181 2225 έκβαλλομένου

170 2245 327 2313 ἐπιπέδου
364 2247 472 2334 ὀρθοῦ
506 2248 589 2331 πρὸς
620 2248 679 2312 τὸν
711 2247 862 2332 ὁρίζοντα
895 2247 977 2330 δίχα.
1033 2247 1113 2312 ὅταν
1144 2245 1182 2314 δὲ

170 2352 264 2442 ἑτέρμ
282 2355 423 2438 δυνάμει
440 2351 700 2439 κατακρατηθεὶς
717 2356 879 2437 κυλίηται,
903 2352 1042 2420 ἕκαστον
1059 2365 1127 2420 τῶν
1146 2354 1182 2420 ἐν
1196 2372 1222 2411 ²0

169 2469 208 2546 τῇ
236 2460 412 2547 ἐπιφανείᾳ
440 2459 543 2526 αὐτοῦ
570 2459 774 2543 ἡμικυκλίων
800 2470 867 2525 τῶν
895 2459 949 2526 ἐπὶ
974 2463 1013 2526 τὰ
1037 2461 1120 2526 αὐτά
1143 2471 1181 2548 τῇ

102 2581 103 2584 ’
170 2572 225 2651 ἴση
250 2567 388 2651 δυνάμει
410 2577 605 2651 κατακρατεῑ
626 2575 686 2631 τοῦ
710 2571 830 2632 λοιποῦ
852 2576 912 2632 τοῦ
936 2567 1040 2632 αὐτοῦ
1058 2568 1183 2633 κύκλου

133 2673 383 2756 θημικυκλίου,
409 2671 465 2737 καὶ
493 2673 597 2749 οὕτως
624 2681 723 2738 τοῦτο
745 2683 893 2738 κινεῖται.
937 2672 1182 2757 ε’πινοουμένων

171 2775 209 2844 δὲ
231 2790 298 2844 τῶν
315 2778 521 2863 ημικνκλίων
539 2791 607 2844 τῶν
625 2781 701 2865 άχρι
718 2788 776 2863 της
794 2788 954 2865 κορυφῆς,
978 2779 1018 2846 ού
1037 2784 1182 2845 λείπεται

90 2903 96 2914 ’
170 2887 253 2971 πρὸς
267 2895 306 2972 τῇ
320 2895 450 2972 κορυφῇ
466 2887 542 2951 οὔτε
555 2885 752 2969 ἡμικύκλιον
766 2887 842 2952 οὔτε
857 2887 938 2952 ἄλλο
951 2911 983 2951 τι
998 2887 1182 2951 διαστατόν.
1196 2904 1222 2945 2⁵
1295 2922 1300 2948 ι

171 2993 224 3057 διὸ
242 2991 263 3074 η
277 3001 417 3058 κινοῦσα
432 2992 573 3076 δύναμις
586 2991 700 3076 μηκέτι
717 2995 848 3078 ἔχουσα,
867 2997 934 3057 τίνι
948 2995 1183 3079 κατακρατησει

170 3109 231 3165 τοῦ
255 3097 308 3164 ἐπὶ
331 3101 371 3164 τά
389 3097 484 3185 ἕτερα
502 3097 656 3184 κειμένου
674 3098 767 3186 μέρη,
791 3099 948 3164 ἀδυνατεῖ
967 3107 1100 3182 κινῆσαι
1122 3100 1183 3183 τὴν

170 3206 324 3292 κορυφὴν
352 3204 388 3271 έν
415 3215 453 3292 τῇ
481 3208 562 3271 κατδι
589 3206 651 3290 την
678 3204 883 3291 ἐπιστροφὴν
910 3209 1053 3290 κινήσει,
1083 3207 1112 3272 εί
1139 3207 1182 3290 μὴ

171 3314 235 3397 άρα
257 3315 340 3378 κατά
362 3313 421 3378 τὸν
442 3313 622 3398 προωσμὸν
645 3311 665 3396 ἡ
690 3311 899 3398 ἐπικράτησις
922 3312 1024 3397 αὐτῆς
1047 3317 1181 3395 γίνεται.

243 3463 355 3531 2ἕστδς
372 3469 437 3524 AT:
458 3463 540 3530 έστὼς
558 3467 589 3522 G.
627 3467 680 3523 vid.
696 3488 722 3539 p.
733 3475 777 3538 48,
788 3471 821 3522 28
876 3468 1000 3524 αύτδνΤ
1074 3465 1182 3525 ύέπει-

171 3542 267 3608 λιῐται,
286 3539 378 3608 priore
398 3559 422 3594 ει
442 3556 475 3594 ex
490 3560 500 3592 ι
514 3541 547 3609 (λ)
566 3542 595 3593 ελ
614 3539 701 3594 altero
721 3556 755 3594 ex
769 3560 785 3609 η
801 3555 878 3609 σοιν,
897 3539 922 3592 A
996 3545 1010 3594 7
1030 3540 1181 3596 κοκλίονΤ
