2598 3886
128 186 170 252 68
245 187 395 240 ΗΡΩΝΟΣ
413 181 679 242 ΔΛΕΞΑΝΔΡΕΩΣ
697 183 964 237 ΠΝΕΤΜΔΤΙΚΩΝ
983 185 1014 236 Δ.

124 351 162 413 τὸ
195 345 232 413 δὲ
264 346 377 434 ἕτερον
408 346 512 413 αὐτοῦ
545 349 682 430 στόμιον
699 333 750 411 τὸ
780 347 1066 431 Θσυντετρήσθω
1089 351 1135 433 τῷ

124 455 232 538 τεύχει
254 463 314 520 τοῦ
336 455 504 541 προχύτον
525 454 590 519 ὑπὸ
610 453 646 518 τὸ
671 452 781 537 ὠτίον,
805 445 830 542 6
854 453 1133 535 σννεστεγνώσθω

123 561 162 625 τὸ
195 561 295 626 ὠτίον
321 566 436 626 κοῖλον
461 559 613 645 ὑπάρχον
644 557 699 623 καὶ
726 561 803 642 ἔχον
830 559 982 645 τρύπημα
1009 557 1045 622 έκ
1073 567 1133 623 τοῦ

124 665 216 742 ἐκτὸς
247 663 368 751 μέρους
400 673 460 730 τοῦ
492 665 592 731 ὠτίον
623 666 660 729 τὸ
688 668 735 749 Κ,
762 664 779 730 δ
809 667 1066 749 καταληψόμεθα
1089 671 1135 750 τῷ

124 773 286 860 δακτύλῳ,
305 771 385 836 όταν
403 769 470 856 δέη.
493 770 552 836 έάν
570 765 632 836 οὗν
644 774 905 856 καταλαβόμενοι
918 772 955 836 τὸ
970 771 1135 853 διαύγιον,
1163 789 1176 830 5

125 879 169 954 ὠς
192 883 329 964 εἴρηται,
352 873 514 961 έγχέωμεν
532 878 578 953 εἰς
601 878 660 941 τὸν
682 878 860 964 προχύτην,
884 879 920 943 τὸ
940 877 1136 962 ἐγχεόμενον

120 985 173 1060 ἐἰς
200 984 262 1067 τήν
290 979 374 1068 ὑπὲρ
402 983 439 1047 τὸ
467 983 658 1068 διάφραγμα
686 986 798 1071 χώραν
824 995 917 1069 μενελ
945 984 1002 1049 διά
1031 984 1067 1049 τὸ
1091 984 1135 1067 μή

126 1091 295 1155 δύνασθαι
331 1089 387 1154 διά
423 1099 483 1155 τοῦ
516 1090 630 1175 ήθμού
666 1093 713 1168 εἰς
749 1093 809 1175 τήν
839 1091 992 1157 ὑποκάτω
1025 1090 1137 1174 χώραν

126 1195 316 1280 ἐνεχθῆναι·
352 1195 393 1261 οὐ
429 1196 569 1262 δύναται
606 1194 642 1262 δὲ
674 1199 730 1264 διά
763 1199 800 1263 τὸ
832 1199 877 1286 μή
911 1199 1015 1281 άλλην
1049 1199 1137 1279 ἔχειν

125 1301 278 1381 διέξοδον
307 1301 327 1386 6
355 1303 417 1386 τήν
444 1304 500 1367 διὰ
526 1312 587 1368 τοῦ
614 1307 649 1368 Κ
670 1306 834 1388 διανγίον.
875 1305 955 1370 ὅταν
977 1298 1040 1369 οὖν
1062 1301 1136 1368 άνέ-
1151 1325 1177 1364 10

126 1428 235 1494 σωμεν
264 1409 301 1474 τὸ
331 1410 499 1493 διαύγιον,
529 1413 603 1476 τότε
632 1413 772 1497 χωρήσει
799 1411 837 1476 τὸ
867 1411 974 1496 ὑγρὸν
1001 1411 1048 1486 εἰς
1076 1411 1137 1494 τήν

126 1513 347 1601 ὑποκειμένην
373 1515 499 1603 χώραν,
527 1515 582 1581 καὶ
604 1519 678 1582 τότε
700 1515 802 1583 πλέον
825 1515 949 1596 δέξεται
973 1515 990 1582 ὁ
1014 1515 1138 1601 προχύ-

125 1646 191 1705 της.
229 1620 287 1686 έδιν
318 1616 380 1686 οὖν
411 1620 646 1706 προεγχέαντες
673 1622 733 1687 τὸν
760 1617 869 1705 οἶνον,
897 1622 980 1687 ὥστε
1007 1627 1138 1708 πληρω-

126 1735 231 1811 θῆναι
258 1728 319 1810 τήν
348 1730 410 1791 ΓΒ
417 1733 450 1791 Δ
479 1728 604 1812 χώραν,
633 1729 894 1813 καταλαβώμεθα
923 1729 959 1793 τὸ
983 1728 1138 1811 διαύγιον

126 1831 183 1898 καὶ
206 1830 386 1916 έπιχέιομεν
407 1831 509 1920 ὕδωρ,
528 1833 569 1898 ού
591 1835 635 1918 μή
658 1843 748 1920 μιγή,
772 1832 841 1899 ἀλλ’
865 1834 945 1899 ὅταν
962 1832 1024 1920 μὲν
1042 1857 1143 1900 κατα-’
1152 1855 1178 1896 15

128 1936 320 2025 στρέψωμεν
338 1939 398 2004 τὸν
415 1940 594 2026 προχύτην,
612 1942 764 2027 καθαρὸν
781 1943 958 2028 προήσεται
977 1943 1014 2006 τὸ
1033 1942 1138 2028 ὕδωρ·

129 2046 209 2112 όταν
231 2042 268 2111 δὲ
291 2043 459 2131 άνέσωμεν
481 2047 518 2111 τὸ
537 2047 693 2131 διαύγιον
711 2050 758 2113 ἔτι
776 2058 836 2113 τοῦ
854 2048 975 2126 ὕδατος
994 2047 1138 2136 ῥέοντος,

131 2207 206 2270 66‘'
190 2232 288 2290 ετερον
316 2209 407 2273 αὐτοῦ
430 2210 583 2318 στόμιον
573 2209 604 2271 τδ
631 2212 657 2270 Θ
679 2212 885 2292 σνντετρησθω
908 2219 947 2299 τῷ
971 2213 1063 2294 τεύχει
1085 2222 1137 2274 τού

130 2298 278 2379 προχύτον
301 2297 360 2358 δπδ
382 2297 415 2360 τὸ
438 2287 583 2383 ὠτίον,
560 2323 583 2359 ω
607 2300 853 2381 σννεστεγνώσθω
870 2301 965 2363 καί
938 2326 970 2363 το
989 2300 1122 2363 ὠτίον
1095 2323 1137 2374 εις

130 2391 248 2466 σωλήνα
273 2385 541 2467 κατεσκευασμένον
567 2386 617 2448 καλ
644 2387 710 2468 έχον
737 2390 874 2470 τρύπημα
900 2390 973 2452 κατὰ
998 2389 1030 2451 τὸ
1053 2387 1135 2463 ἐκτὸς
1151 2407 1177 2446 20

132 2472 278 2586 μέρος,
251 2497 284 2536 το
302 2472 371 2553 Κ,
365 2474 381 2537 6
403 2475 636 2556 καταληψόμεθα
659 2483 699 2561 τῷ
723 2477 905 2565 δακτύλῳ,’
889 2503 958 2541 οταν
982 2477 1042 2564 δέη.
1083 2477 1136 2540 ἐὰν

131 2553 187 2624 οὖν
210 2563 439 2644 καταλαβόμενοι
461 2564 493 2625 τὸ
517 2565 701 2646 διαύγιον
675 2588 707 2626 το
725 2569 754 2626 Κ
774 2542 916 2649 έγχέωμεν
934 2568 1020 2642 εἰς
993 2541 1046 2630 τόν
1063 2589 1136 2677 προ-

130 2652 236 2732 χύτην,
268 2650 299 2713 τό
331 2651 501 2734 ἐγχεόμενον
533 2653 574 2726 είς
605 2652 658 2715 τὸν
689 2651 762 2736 ὑπὲρ
789 2656 821 2717 τὸ
850 2658 1020 2769 διάφραγμα
1046 2656 1137 2719 τόπον

131 2745 216 2819 μενεῖ
244 2740 294 2800 διὰ
321 2740 353 2803 τὸ
382 2740 422 2822 μή
451 2742 602 2803 δύνασθαι
630 2742 679 2803 διὰ
706 2753 765 2805 τῶν
792 2748 988 2826 τρνπημάτων
1015 2747 1057 2821 είς
1083 2745 1138 2824 τήν

132 2828 209 2890 κάτω
240 2828 337 2910 χώραν
368 2829 538 2911 ἐνεχθῆναι
572 2830 608 2892 06
641 2832 764 2894 δύναται
796 2833 828 2895 δὲ
858 2835 907 2896 διὰ
934 2834 966 2897 τὸ
994 2834 1033 2915 μή
1062 2833 1137 2916 ἔχειν
1152 2849 1178 2890 25

131 2915 306 2996 άλληνξ
247 2915 306 2992 διέξ
308 2919 380 2980 οδον
403 2917 424 2999 ή
447 2918 496 2980 διὰ
518 2929 571 2981 τοῦ
589 2924 618 2981 Κ
641 2921 786 3002 διανγίον.
828 2923 899 2985 ὅταν
920 2922 951 2984 δὲ
970 2921 1132 3004 ἀνῶμεν
1106 2947 1138 2984 το

132 3007 282 3088 διαύγιον,
309 3006 371 3068 τότε
393 3007 515 3088 χωρήσει
537 3006 569 3069 τὸ
595 3009 737 3093 ύγρδνί
710 3032 751 3082 ες
773 3010 828 3089 τήν
850 3012 927 3073 κάτω
950 3012 1062 3162 χώὸραν,
1088 3010 1139 3072 καί

131 3093 221 3158 πλέον
244 3095 353 3171 δέξεται
376 3094 391 3157 6
415 3098 569 3178 προχύτης.
608 3096 662 3159 ἐὰν
685 3095 717 3160 δέ
739 3098 999 3181 προεγχέαντεςὸ
967 3123 982 3162 τ
1003 3124 1019 3161 ν
1042 3093 1137 3178 οἶνον,

133 3183 204 3246 ὥστε
226 3190 422 3268 πληρωθῆναι
443 3185 497 3264 τήν
516 3190 603 3246 ΓΒΔ
625 3187 732 3268 χώραν,
754 3189 986 3269 καταλαβώμεθα
1004 3187 1036 3250 τὸ
1055 3188 1139 3250 διαύ-

133 3296 198 3354 γιον
221 3273 271 3335 καί
293 3273 449 3386 ἕπιχέωμεν
472 3275 592 3357 ύδωρ,
587 3298 666 3338 αενει
658 3277 726 3349 είς
744 3275 837 3354 τήν”
817 3301 880 3339 ανω
898 3277 995 3360 χώριιν
1014 3276 1137 3358 ἄμικτον
1152 3293 1178 3333 8⁰

133 3368 173 3446 τῷ
205 3363 288 3449 οἰνιμ
321 3365 348 3425 εί
376 3363 432 3446 γάρ
463 3363 756 3446 καταστρέψομεν
729 3389 781 3426 τον
808 3367 972 3448 προχύτην,
1002 3365 1139 3448 καθαρὸν

133 3423 289 3531 προήοεέαι
311 3452 344 3513 τὸ
367 3453 460 3537 ύδωρ
484 3455 511 3515 εἰ
533 3451 603 3515 δε’
587 3454 736 3533 ανήσομεν
753 3452 852 3516 καὶτὸ
873 3455 1007 3539 διαύγιον
1026 3455 1137 3519 έτιτοῦ

134 3539 241 3612 όδατος
268 3540 454 3622 ἐκχεομένου,
481 3541 644 3624 ἕπιρρεύσει
670 3541 720 3603 καλ
746 3539 763 3603 6
791 3536 887 3625 οἶνος,
914 3546 964 3608 καλ
987 3546 1139 3628 γενήσεται
