2574 3918
475 329 814 484 Αοοεαοι.

209 595 346 678 ΠΕΡΙ
381 593 604 677 ΤΔΡΙΩΝ
640 593 1081 678 ΩΡΟΣΚΟΠΕΙΩΝ.

512 739 778 796 FRAGMENTUM.

230 869 271 932 Ol
299 865 360 952 μὲν
382 870 445 954 γάρ
469 869 677 954 ἀρχαιότεροι
704 877 1033 954 τῶνμαθηματικῶν
1055 891 1155 934 κατα-

140 966 358 1042 σκευάσαντες
382 966 517 1049 ἀγγείον
538 965 614 1032 καθ’
637 967 765 1051 ὁμαλὴν
783 967 882 1052 ῥύσιν
900 966 978 1052 ῥέον
996 967 1052 1032 ἀιά
1075 991 1154 1053 τρη-
1187 986 1200 1026 ι

138 1066 259 1148 ματίου
280 1064 364 1149 πρὸς
385 1073 432 1152 τῷ
454 1063 602 1148 πυθμένι
625 1066 722 1140 ὄντος
743 1063 798 1129 καὶ
817 1067 894 1148 ἔχον
912 1065 974 1148 τὴν
991 1069 1155 1150 χορηγίαν

89 1184 91 1188 ’
139 1163 175 1225 ἔκ
197 1184 288 1237 τινος
311 1160 491 1248 ἐπιρρύτου
513 1162 636 1238 ὕδατος
658 1163 725 1246 ἅμα
747 1171 786 1247 τῆ
809 1171 869 1226 τοῦ
891 1161 990 1246 ἡλίου
1008 1161 1153 1249 ἀνατολῇ

138 1259 251 1344 πρώτῃ
275 1257 313 1323 έν
334 1269 373 1346 τῆ
398 1261 569 1346 λσημερινῆ
592 1257 697 1346 ἡμέρᾳ
720 1265 799 1325 είιον
821 1257 984 1344 φέρεσθαι
1002 1259 1039 1324 τὸ
1058 1259 1152 1346 ὕδωρ

139 1361 186 1432 είς
216 1379 247 1420 τι
276 1359 512 1442 περιεχόμενον
541 1357 691 1440 ἀγγεῖον,
724 1354 785 1431 ἕως
814 1355 857 1420 ἀν
885 1357 965 1421 ὅλον
992 1357 1030 1422 τὸ
1059 1369 1153 1441 σῶμα

138 1462 198 1518 τοῦ
229 1453 328 1537 ἡλίου
359 1456 496 1540 πρώτως
527 1451 611 1540 ὑπὲρ
643 1455 703 1520 τὸν
735 1453 886 1538 ὁριζοντα
917 1452 1063 1537 γένηται·
1096 1453 1152 1520 καὶ
1167 1475 1197 1514 10

138 1553 365 1635 φυλάσσοντες
383 1553 420 1617 τὸ
439 1552 692 1638 ἀπορρ<ε>ῦσαν
705 1552 809 1637 ὕδωρ,
828 1553 875 1627 είς
889 1548 1003 1637 ἕτερον
1017 1551 1153 1635 ἀγγεῖον

138 1654 217 1713 είων
246 1648 410 1735 φέρεσθαι
441 1651 502 1734 τὴν
532 1650 631 1735 ῥύσιν
660 1648 755 1735 μέχρι
786 1658 844 1733 τῆς
874 1651 956 1715 κατά
987 1651 1049 1734 τὴν
1079 1648 1152 1734 ἑξῆς

137 1745 263 1832 ἡμέραν
294 1746 471 1832 γινομένης
507 1757 568 1814 τοῦ
598 1747 696 1832 ἡλίου
731 1749 862 1832 πρώτης
898 1746 1060 1833 ἀνατολῆς
1095 1749 1152 1814 καὶ

139 1843 371 1929 ἐκμετροῦντες
403 1845 440 1910 τὸ
468 1855 535 1910 πᾶν
562 1840 643 1929 ῥυέν
670 1845 761 1930 ὕδωρ
791 1843 828 1909 έν
855 1844 1054 1931 ἀμφοτέροις
1081 1858 1151 1924 τοῖς

138 1941 283 2024 ἀγγείοις
315 1941 450 2026 έζῆτουν
481 1951 595 2026 τοῦτο,
626 1943 856 2008 ποσαπλάσιόν
884 1941 951 2008 έστι
979 1953 1039 2008 τοῦ
1068 1947 1151 2010 κατὰ
1165 1961 1194 2002 1⁵

137 2040 199 2123 τὴν
225 2039 391 2123 ἀνατολὴν
417 2049 478 2106 τοῦ
507 2040 605 2124 ἡλίου
637 2039 825 2124 ληφθέντος
852 2039 981 2116 ὕδατος.
1026 2040 1081 2106 καὶ
1109 2041 1151 2107 ὃν

137 2139 240 2220 λόγον
263 2140 329 2222 ἔχει
356 2138 394 2202 τὸ
422 2141 504 2203 κατά
528 2139 590 2221 τὴν
617 2137 782 2221 ἀνατολὴν
808 2146 868 2203 τοῦ
895 2137 993 2220 ἡλίου
1017 2135 1151 2222 ληφθὲν

138 2235 265 2320 [τοῦτο]
289 2235 381 2320 ύὸορ
409 2236 492 2321 πρὸς
517 2235 554 2300 τὸ
578 2245 645 2300 πᾶν
667 2244 724 2319 τῆς
748 2235 873 2320 ῥύσεως
894 2235 1002 2321 ὕδωρ,
1029 2245 1151 2302 τοῦτον

136 2335 224 2416 ἔχειν
246 2333 306 2398 τὸν
329 2334 431 2415 λόγον
449 2335 596 2416 ἔφασκον
615 2384 621 2396 .
638 2384 643 2396 .
660 2383 666 2396 .
685 2333 745 2398 τὸν
762 2334 886 2418 χρόνον
908 2341 966 2416 τῆς
989 2333 1066 2416 ὅλης
1088 2342 1150 2398 τοῦ

136 2429 234 2512 ἡλίου
257 2429 419 2515 ἀνατολῆς
441 2431 525 2516 πρὸς
547 2430 607 2495 τὸν
629 2431 753 2515 χρόνον
773 2429 833 2493 τὸν
851 2428 915 2493 ἀπὸ
938 2438 996 2513 τῆς
1018 2430 1150 2515 πρώτης
1164 2450 1193 2490 εο

136 2526 299 2612 ἀνατολῆς
334 2527 429 2614 μέχρι
461 2537 518 2612 τῆς
548 2529 630 2592 κατὰ
662 2528 724 2611 τὴν
756 2525 828 2611 έξῆς
861 2524 987 2612 ἡμέραν
1018 2528 1150 2612 πρώτης

136 2624 306 2708 ἀνατολῆς.

83 2737 122 2776 262
301 2722 389 2798 ὅπως
420 2718 458 2787 δὲ
490 2725 665 2806 συμβαίνει
696 2723 734 2787 τὸ
768 2720 805 2787 έν
831 2729 877 2809 τῷ
905 2721 1026 2810 ἀγγείῳ
1054 2722 1148 2808 ὕδωρ

135 2818 211 2885 καθ’
231 2819 358 2904 ὁμαλὴν
377 2819 476 2904 ῥύσιν
495 2820 577 2906 ῥεῖν,
595 2819 766 2900 ὑπέδειξεν
776 2818 893 2905 Ἥρων
911 2819 948 2884 έν
965 2827 1012 2908 τῷ
1029 2821 1148 2908 πρώτῳ

135 2930 202 2984 τῶν
220 2916 359 3003 Ἥλρίων
382 2918 663 3003 ώροσκοπ<ε>ίων
1164 2938 1191 2978 ιε

206 3080 222 3128 3
241 3074 343 3128 Exstat
361 3073 435 3144 apud
448 3073 576 3144 Pappum
589 3075 620 3128 in
633 3074 755 3130 Theonis
769 3074 799 3127 in
812 3073 929 3129 Ptolem.
939 3090 1032 3145 magn.
1045 3077 1147 3129 constr.

135 3148 281 3200 comment.
296 3145 331 3215 V,
345 3150 396 3200 261
417 3145 470 3215 (ed.
485 3145 570 3201 Basil.
586 3150 673 3216 1538).
712 3145 751 3201 Cf.
771 3162 856 3215 supra
872 3164 899 3215 p.
914 3150 967 3198 456
1045 3151 1078 3198 12
1096 3163 1147 3216 pro

134 3217 186 3288 τὴν
209 3219 351 3287 exspectes
375 3211 474 3286 ἑτέραν
496 3215 541 3271 vel
563 3237 627 3271 τινα
700 3223 733 3271 13
754 3217 859 3286 ἡμέρας
882 3216 924 3272 ed.
939 3216 1017 3284 Bas,
1042 3217 1149 3272 oorrexi

171 3293 204 3342 18
223 3297 304 3342 τοῦτο
324 3286 413 3342 delevi
429 3287 485 3341 nisi
501 3289 523 3355 f.
538 3306 562 3343 v.
574 3293 607 3342 18
621 3296 702 3343 τούτο
717 3288 791 3362 <τὸ>
806 3287 882 3357 ὕδωρ
900 3286 1021 3356 legenda
1035 3290 1064 3342 st
1077 3305 1102 3342 v.
1115 3293 1147 3342 17

134 3359 164 3412 τὸ
186 3355 357 3441 ...ληφθέν
380 3361 413 3412 ut
435 3358 575 3427 glossema
598 3359 718 3413 delenda
741 3362 807 3413 sunt
879 3365 911 3414 19
937 3360 993 3428 ἔχει
1016 3358 1060 3414 ed.
1075 3359 1148 3427 Bas,

94 3442 241 3484 *uren
