2598 3886
156 209 199 274 56
275 210 424 264 Ηειεεεου
442 197 708 266 mmmm
726 209 993 264 mmmmm
1011 212 1042 264 A.

221 376 285 436 Δελ
311 359 348 436 δὲ
375 370 483 456 ὀρθὸν
509 372 569 436 τὸν
591 372 721 456 σίφωνα
743 374 968 455 καταβαίνειν,
998 374 1027 437 εί
1050 371 1166 456 μέλλοι

154 478 192 542 τὸ
221 475 299 542 δέον
324 487 446 543 ποιεῖν·
473 485 571 542 τοῦτο
599 473 636 542 δὲ
666 480 772 562 ἔσται,
799 476 858 543 ἐάν
884 479 968 564 πρὸς
994 485 1040 566 τῷ
1062 482 1164 563 χείλει

155 590 215 647 τοῶ
239 585 313 645 ·AB
345 581 481 665 ἀγγείου
512 583 574 647 δύο
606 582 733 667 ὀρθοὺς
763 585 905 659 κανόνας
934 581 1094 668 πήξαντες
1125 585 1162 649 τὸ

155 687 249 764 ἐντὸς
285 686 399 762 σκέλος
436 695 496 752 τοῦ
529 689 676 771 σίφωνος
707 687 826 772 μεταξὺ
858 688 986 754 τούτων
1017 688 1164 774 τάξωμεν

155 897 263 965 σκέλει
290 907 350 964 τοῦ
378 901 524 982 σίφωνος
550 901 668 964 τυλίον
693 898 726 978 ἐξ
755 898 911 986 ἑκατέρου
939 898 1060 986 μέρους
1083 919 1164 986 συμ-

155 1002 238 1090 φυὲς
268 1008 457 1089 ποιήσωμεν
490 1013 601 1084 ψαῦον
633 1003 725 1082 έντὸς
746 1017 824 1090 τῶν
854 1009 1032 1072 κανονίων·
1060 1005 1164 1082 οὕτως

154 1112 218 1195 γάρ
248 1111 324 1176 οὔτε
352 1098 409 1175 Ιέιτὶ
441 1097 481 1176 τά
511 1113 634 1193 πλάγια
666 1112 742 1177 οὔτε
774 1110 828 1177 ἐπὶ
859 1114 896 1178 τὸ
928 1114 1118 1198 ἔμπροσθεν
1144 1111 1162 1177 ό

155 1219 265 1300 σίφων
287 1218 435 1300 ἔγκλισιν
454 1219 578 1301 σχήσει·
601 1217 713 1303 ὀρθῶς
731 1213 769 1283 δὲ
787 1217 930 1305 ἀκριβῶς
947 1221 1162 1302 καταβήσεται
1196 1231 1199 1236 ’

153 1325 425 1408 προστριβόντων
446 1335 514 1389 τῶν
535 1326 659 1388 τυλίων
681 1325 760 1400 τοὺς
781 1328 931 1402 κανόνας.
1178 1343 1207 1384 1⁰

621 1551 693 1618 VH.

224 1681 298 1742 Τῶν
321 1673 357 1741 δὲ
381 1678 428 1753 είς
446 1673 614 1762 ἐνέργειαν
631 1675 959 1760 κατασκευαζομένων
976 1685 1041 1742 νῦν
1059 1676 1162 1763 ἀρξώ-

153 1789 241 1867 μεθα
262 1783 463 1858 κατασκευάς
485 1788 656 1848 ποιεῖσθαι
678 1782 742 1848 άπὸ
760 1794 828 1848 τῶν
844 1782 1048 1869 μικροτέρων
1066 1782 1163 1874 ἀρξά-

153 1911 248 1973 μενοι
271 1891 434 1972 στοιχείου
457 1887 562 1974 χάριν.
663 1967 666 1970 ¹

210 1992 305 2060 Ἔστι
331 1995 395 2080 γάρ
422 2018 454 2058 τι
480 1996 802 2078 κατασκευασμάτιον
827 1995 910 2080 πρὸς
936 1995 974 2059 τὸ
998 1995 1163 2078 οἰνοχοεῖν
1177 2011 1205 2054 ιο

156 2103 334 2188 χρήσιμον·
348 2101 618 2179 κατασκευάζεται
632 2102 695 2186 γάρ
715 2105 873 2187 σφαιρίον
885 2106 1001 2167 κοῖλον
1013 2101 1163 2184 χάλκεον,

100 2227 139 2268 ιω
154 2199 228 2272 οἷόν
250 2207 318 2272 ἐστι
341 2208 378 2272 τὸ
401 2210 483 2290 ΑΒ,
507 2204 542 2270 ἐκ
564 2202 626 2289 μὲν
648 2214 707 2270 τοῦ
730 2205 816 2270 κάτω
840 2203 960 2292 μέρους
980 2205 984 2288 ή
1004 2226 1163 2290 τετρυπη-

152 2312 255 2397 μένον
282 2318 412 2389 λεκτοῖς
438 2314 675 2398 τρυπήματίοις
698 2309 848 2395 συνεχέσι
869 2310 1021 2397 καθάπερ
1044 2311 1163 2394 ήθμός,

153 2417 189 2484 έκ
212 2414 249 2484 δὲ
271 2427 331 2484 τοῦ
354 2420 422 2484 άνω
446 2416 567 2504 μέρους
585 2422 716 2500 σωλήνα
735 2419 812 2501 έχον
829 2417 889 2482 τὸν
907 2420 968 2482 ΓΔ
987 2433 1162 2501 συντετρη-

152 2516 256 2609 μένον
282 2523 370 2612 αὐτῷ
396 2523 453 2590 καὶ
480 2521 789 2608 συνεστεχνωμένον
814 2522 870 2589 καὶ
893 2525 1010 2607 έχοντα
1032 2523 1069 2587 τὸ
1093 2523 1162 2587 άνω
1176 2543 1205 2584 εο

153 2631 290 2714 στόμιον
329 2629 481 2718 άνεριχός.
510 2629 589 2696 ὅταν
621 2623 684 2694 οὖν
714 2629 877 2712 βούληταί
905 2651 956 2706 τις
985 2629 1161 2713 οἰνοχοεῖν,

152 2736 324 2821 κατασχὼν
345 2735 389 2822 ζτή
417 2743 477 2822 μιᾷ
503 2733 588 2821 χειρὶ
615 2736 674 2800 τὸν
701 2737 766 2800 ΓΔ
794 2741 925 2820 σωλήνα
951 2737 1040 2821 παρά
1067 2735 1104 2800 τὸ
1133 2737 1166 2800 Γ

153 2843 290 2925 στόμιον
316 2845 453 2926 καθίησι
475 2842 512 2907 τὸ
536 2845 694 2927 σφαιρίον
716 2842 763 2918 εἰς
785 2843 846 2907 τὸν
851 2837 973 2928 οἶνον,
1003 2842 1097 2927 άχρις
1119 2839 1162 2906 άν

223 3051 277 3106 ‘1f
292 3050 382 3177 (ule
400 3058 496 3119 ψαυον
577 3057 610 3104 12
631 3051 650 3104 ά
651 3051 784 3119 ρξῶμεθα
801 3048 897 3105 ABG.
920 3048 1068 3120 ἀρξόμεθα
1086 3049 1163 3104 CPT
1258 3029 1260 3033 ι

188 3127 222 3177 18
236 3121 330 3192 ήθμός
396 3117 557 3192 ίθμόςειολ
570 3121 684 3191 infrap.
695 3126 764 3189 58,2
821 3127 854 3174 19
868 3120 917 3175 τόν
931 3120 986 3178 λιΜ
1001 3119 1085 3174 vind.
1096 3125 1162 3176 120.

225 3359 401 3409 θττοιεῖναι
425 3349 593 3422 χίνεσθαιὶ)
679 3351 818 3407 4τοότων
837 3366 890 3406 om.
904 3350 951 3407 bL
1033 3351 1162 3405 όαότῶν

152 3441 207 3478 om.
221 3423 268 3479 bL
349 3428 416 3477 6-7
425 3373 594 3492 γτοιήοωμεν
614 3424 703 3492 (σομ-
721 3423 754 3492 Β)
773 3421 934 3492 σομφνὲςλ)
1013 3425 1030 3474 8
1052 3421 1084 3475 τὸ
1103 3420 1161 3477 aP.

152 3494 188 3549 τά
210 3493 260 3549 BC
333 3494 468 3565 θόρθῶς
492 3492 575 3550 aeP:
598 3493 743 3561 όρθὸςΒ,
765 3493 896 3548 νεολαεΙι
976 3497 1081 3546 16-16
1105 3490 1163 3547 ἔστι

153 3563 363 3637 ..χρήσιμον
387 3581 439 3620 om.
458 3564 505 3622 bL
596 3568 628 3617 16
653 3567 752 3618 κοῖλον
777 3580 829 3619 om
848 3563 871 3618 P
961 3561 1080 3634 χάλκεον
1104 3562 1161 3620 nP:
