2596 3886
145 195 211 260 282
265 195 414 247 muoz
431 189 698 253 ΑΔΕΞΑΝΔΡΕΩΣ
716 191 986 245 mmmm
1002 193 1034 245 Β.

143 356 276 442 ἀπέχων
317 357 397 421 ὅσον
436 355 533 421 ύὸατι
575 357 760 441 ὸιάρρυσιν.
818 351 902 440 πρὸς
938 349 975 418 ὸὸ
1011 361 1057 440 τῷ
1097 355 1155 418 ΓΔ

145 468 322 550 συρίγγιον
343 466 425 528 έστω
443 463 480 527 τὸ
500 466 545 527 Μ
558 447 747 546 δυνάμενον
765 460 984 545 φθέγγεσθαι.
1024 465 1154 546 πληρω-

144 573 284 653 θήσεται
316 565 379 635 οὖν
410 568 430 652 ή
463 569 607 652 λάγυνος
637 570 693 634 ὸιά
719 576 780 633 τοῦ
808 568 872 633 ΕΖ
899 572 1062 649 σωλήνος,
1093 575 1154 631 τοῦ

145 675 241 762 ἀέρος
269 675 493 762 ε’κχωροῦντος
521 677 577 740 ὸιά
604 699 640 740 τε
666 683 726 741 τοῦ
749 677 815 739 ΚΛ
842 679 990 756 σωλήνος
1016 670 1071 738 καὶ
1098 673 1155 737 ὸιά

144 793 204 848 τοῦ
231 786 277 847 Μ
303 785 488 867 συριγγίου.
539 781 619 846 ὅταν
651 777 714 846 οὖν
744 781 962 865 κατασχόντες
989 777 1026 845 τὸ
1055 779 1155 845 ὠτίον
1182 797 1197 838 ⁶

144 898 202 972 τῆς
229 888 377 970 λαγύνου
403 887 635 973 έπικλίυωμεν,
663 889 747 952 ὥστε
768 886 949 973 προέσθαι,
975 889 1155 972 προήσεται

145 990 207 1078 μὸν
234 995 290 1060 ὸιά
312 1003 372 1059 τοῦ
395 998 460 1059 ΕΖ
483 999 631 1077 σωλήνος
654 995 701 1070 είς
723 994 760 1059 τὸ
785 993 877 1070 ἐκτὸς
899 991 1011 1079 μέρος·
1038 994 1095 1058 ὸιά
1118 989 1156 1058 δέ

145 1110 205 1165 τοῦ
237 1103 307 1164 ΚΛ
338 1101 375 1164 τὸ
407 1099 515 1186 ὑγρὸν
546 1103 687 1186 χωρήσει
720 1102 767 1178 είς
798 1101 858 1165 τὸν
884 1103 952 1164 ΒΓ
978 1097 1155 1185 τράχηλον·

146 1207 163 1272 ὸ
187 1203 225 1272 ὸὸ
249 1206 285 1272 έν
308 1207 397 1295 αὐτῷ
420 1206 482 1293 ἀήρ
507 1206 744 1294 ἐκκρουόμενος
768 1209 823 1272 ὸιά
843 1215 904 1272 τοῦ
921 1210 966 1271 Μ
979 1210 1156 1292 σνριγγίου

145 1311 333 1398 φθέγξεται.
392 1316 474 1379 ἔστω
511 1310 549 1379 ὸὸ
584 1313 639 1379 καὶ
677 1314 713 1379 έν
750 1323 795 1402 τῷ
826 1318 893 1378 ΑΒ
930 1313 1155 1399 διαφράγματι
1169 1331 1198 1370 1⁰

145 1421 298 1506 τρύπημα
324 1419 453 1506 ἕτερον,
481 1418 525 1485 δι’
557 1415 598 1486 οὗ
626 1421 837 1506 ὀρθωθείσης
863 1429 922 1503 τής
947 1420 1095 1502 λαγύνου
1117 1419 1155 1483 τὸ

146 1524 183 1590 ἐν
210 1534 256 1614 τῷ
283 1529 433 1614 τραχήλῳ
462 1523 669 1612 ἀπολειφθὲν
691 1527 798 1612 ὑγρὸν
820 1527 922 1591 πάλιν
944 1529 1086 1611 χωρήσει
1109 1527 1157 1602 είς

146 1633 183 1696 τὸ
209 1633 308 1709 κύτος
334 1643 392 1716 τής
419 1634 567 1715 λαγύνου
594 1643 655 1699 τοῦ
682 1632 779 1718 ἀέρος
804 1631 1155 1717 ἀντιμεταχωροῦντος.

583 1835 717 1901 XXVII.

91 1972 132 2014 ειι
207 1950 285 2017 Ἐπί
304 1976 395 2028 τινος
416 1952 543 2037 βάσεως
566 1951 702 2035 ἀγγείου
721 1954 818 2029 όυτος
837 1947 931 2018 οἶνον
950 1955 1083 2037 ἔχοντος
1100 1950 1155 2017 καὶ
1169 1969 1197 2010 1⁵

145 2060 291 2144 κρουνὸν
313 2058 481 2146 ἀνεφγότα
503 2058 777 2145 παραφερομένης
800 2063 890 2136 λείας
912 2069 1048 2142 ποιήσαι
1067 2057 1155 2144 ῥέειν

145 2165 206 2229 τὸν
232 2165 379 2250 κρουνὸν
405 2165 490 2250 πρὸς
511 2163 647 2250 μέτρον,
675 2156 750 2230 οἷον
771 2161 826 2231 ὁτὲ
848 2161 909 2249 μὸν
930 2164 1155 2251 ήμικοτύλιον,

145 2267 200 2337 ὁτὲ
223 2268 260 2336 ὸὸ
282 2272 426 2355 κοτύλην
448 2269 503 2337 καὶ
525 2274 676 2337 καθόλου
699 2272 780 2338 ὅσον
803 2271 861 2337 ε’άν
881 2296 932 2348 τις
948 2281 1155 2358 προαιρῆται.

146 2435 232 2498 ρυσιν
259 2412 342 2479 εἶναι.
388 2416 462 2499 πρὸς
486 2415 517 2478 ἀὲ
541 2423 580 2501 τῷ
603 2420 657 2477 ΓΔ
679 2418 830 2500 συρίγγιον
853 2416 925 2479 έστω
948 2416 980 2479 τὸ
1004 2421 1045 2477 Μ
1065 2417 1155 2478 δυνά·

146 2527 236 2585 μενον
264 2504 457 2587 φθέγγεσθαι.
503 2505 729 2587 πληρωθήσεται
756 2496 812 2568 ούν
834 2503 854 2584 ἡ
877 2506 1004 2587 λάγυνος
1027 2505 1077 2567 ὸιά
1100 2515 1152 2568 τοῦ
1167 2521 1195 2561 20

145 2598 205 2654 EZ
236 2599 383 2674 σωλήνος,
414 2604 468 2656 τοῦ
496 2593 580 2676 ἀέρος
607 2593 806 2676 ἐκχωροῦντος
833 2595 883 2655 ὸιά
909 2617 990 2667 τινος
1018 2595 1155 2676 ὸιαυγίου

145 2692 198 2744 τοῦ
222 2685 263 2762 Ν,
286 2679 302 2743 ὸ
327 2683 396 2762 μετὰ
418 2681 473 2762 τήν
496 2682 647 2764 πλήρωσιν
669 2693 722 2745 τοῦ
745 2681 864 2764 ἀγγείου
882 2681 1154 2764 ἀποφραχθήσεται.

145 2771 225 2832 ἔσται
256 2769 288 2832 δὲ
320 2769 417 2854 ἕτερον
449 2770 577 2858 ἀνεῳγὸς
605 2771 636 2833 τὸ
664 2769 695 2839 Ξ.
746 2772 816 2834 ὅταν
844 2764 901 2834 οὖν
927 2769 1096 2852 κατέχοντες
1122 2772 1155 2835 τὸ

146 2857 234 2922 ὠτίον
269 2870 322 2940 τής
357 2861 489 2941 λαγύνου
524 2859 733 2941 έπικλίνωμεν,
771 2860 843 2922 ὥστε
879 2860 1026 2944 προέσθαι
1062 2861 1155 2943 ὕδωρ,

146 2950 302 3031 προήσεται
325 2946 379 3029 μὲν
402 2948 452 3011 διὸ
472 2959 525 3012 τοῦ
543 2955 601 3010 ΕΖ
620 2954 753 3030 σωλήνος
771 2951 813 3023 εἰς
831 2949 863 3011 τὸ
881 2949 963 3023 ἐκτὸς
981 2948 1080 3032 μέρος·
1106 2950 1155 3012 ὸιά
1169 2964 1196 3004 2⁶

146 3036 178 3099 δὲ
203 3049 255 3101 τοῦ
278 3042 343 3099 ΚΛ
365 3039 489 3121 χωρήσει
512 3039 544 3101 τὸ
566 3038 660 3121 ὸγρὸυ
682 3040 725 3112 εἰς
747 3038 799 3100 τὸν
822 3042 877 3099 ΓΒ
899 3039 1054 3122 τράχηλον·
1084 3036 1099 3100 ὸ
1123 3035 1155 3100 δὲ

145 3125 178 3188 έν
202 3128 280 3214 αὐτῷ
304 3125 362 3210 ἀήρ
384 3127 597 3210 ἐκκρουόμενος
621 3128 671 3189 ὸιὸι
689 3138 741 3190 τοῦ
759 3131 802 3187 Μ
816 3129 969 3210 σνριγγίου
988 3125 1156 3210 φθέγξεται.

217 3287 231 3334 1
247 3281 329 3336 ὕδατι
341 3279 445 3353 ΑΘ,Τ;
460 3279 562 3343 ἀάατος
576 3279 611 3352 G,
669 3286 702 3335 10
721 3277 952 3350 φθέγξεταιΑίιὸε
967 3277 1156 3350 φθέγγεταιΤ

183 3358 216 3406 13
236 3361 286 3407 τοῦ
305 3350 388 3421 ἀέρος
405 3353 695 3422 ἀντιμεταχωροῦντος
712 3350 805 3422 A2G‚:
830 3350 845 3404 ὸ
864 3350 919 3420 ἀὴρ
938 3353 1112 3422 ἀντιμεταχω
1131 3358 1161 3407 εἴ

145 3422 245 3494 A‚mg.
269 3422 366 3494 (etiam
387 3421 418 3475 in
440 3425 521 3476 textu
544 3438 578 3476 ex
600 3431 730 3492 -ροῦντος
750 3421 785 3492 A,
805 3427 868 3491 -ρεῖ
886 3421 970 3483 αὸτός
988 3424 1080 3491 τοτα),
1105 3373 1155 3477 (ἀι

145 3502 195 3547 τού
209 3492 291 3564 ἀέρος
304 3494 523 3564 ἀντιμεταχωρεῑ
534 3491 618 3554 αὐτός
631 3492 654 3545 Τ
686 3529 690 3540 -
711 3497 744 3544 16
758 3498 874 3571 ποιήσαι
888 3492 948 3546 Tb:
963 3495 1103 3561 ποιήσθαι
1116 3463 1154 3548 ἀι

34 3578 84 3590 ’“
145 3568 292 3619 ποιεῖσθαι
310 3564 355 3636 G„
375 3568 414 3618 σθ
432 3561 567 3632 expunxit
585 3565 614 3616 et
633 3579 648 3615 σ
667 3577 751 3631 supra
770 3561 882 3631 sempsit
900 3561 935 3634 G,
