2574 3918
139 173 205 237 438
242 174 391 228 ΗΡΩΝΟΣ
409 171 609 232 mmm.
626 177 713 228 ΠΕΡΙ
731 175 1152 230 ΑΥΤΟΜΑΤΟΠΟΙΗΤΙΚΗΣ.

13 333 127 401 (XVII
202 334 237 399 Ὁ
264 332 324 419 μὲν
354 332 417 401 οὖν
443 339 636 423 παράπλους
663 337 750 403 οὕτω
777 341 912 421 γίνεται.
963 339 995 402 ol
1018 333 1055 402 δὲ
1078 339 1153 403 δεί-

87 425 125 465 m
140 452 236 525 φῖνες
258 439 313 507 δτέ
335 440 396 527 μέν
418 444 675 527 καταδύσονται,
703 440 758 509 ὁτὲ
780 440 818 508 δέ
840 447 1046 528 φανήσονται
1068 443 1153 510 κατὰ

138 550 198 614 τὸν
229 549 525 635 ὑπογεγραμμένον
556 553 690 637 τρόπον.
745 549 780 616 ἐκ
808 560 865 635 τῆς
892 552 978 616 κοίτω
1006 557 1153 637 πλευρᾶς

138 665 199 722 τοῦ
239 659 400 722 πλινθίον
440 665 498 741 τῆς
538 659 620 743 πρὸς
658 659 695 721 τὸ
731 659 903 743 θωράκιον
942 656 1153 743 ἡρμοσμένης

138 765 258 848 μικρὸν
281 763 344 829 ἀπὸ
367 771 435 828 τῶν
458 762 630 849 στροφέων
652 763 825 829 ἀπολιπὼν
847 764 985 848 ἐποίησα
1009 761 1152 842 έκκοπδις
1180 787 1195 828 5

138 867 255 946 στενὰς
287 867 365 935 ὡσεί
396 873 654 956 γομφωτηρίων,
691 872 774 936 ὥστε
810 873 1002 956 διαφαίνειν
1033 873 1081 948 είς
1111 873 1151 937 τὸ

104 976 311 1061 Ξθωροίκιον
337 977 433 1041 κοίτω.
482 978 677 1061 καταλαβὼν
705 978 825 1043 σανίδα
852 981 980 1063 ἔγραψα
1007 980 1047 1044 τὰ
1077 980 1151 1043 δελ-

138 1084 294 1167 φινοίρια,
321 1082 418 1166 ἡλίκα
445 1084 623 1168 βούλομαι,
650 1081 704 1148 καί
727 1083 921 1170 περιέτεμον
943 1082 998 1150 καί
1020 1105 1151 1169 περιερ-
1233 1117 1240 1127 ·

138 1191 258 1274 ρίνησα
285 1190 346 1272 τὴν
374 1187 467 1266 ἐκτὸς
491 1193 652 1275 γραμμήν.
698 1193 780 1255 ἔστω
805 1187 843 1255 δέ
863 1189 999 1269 ἀξόνιον
1020 1191 1085 1256 ὑπὸ
1109 1192 1151 1256 τὰ

138 1293 258 1380 στέρνα
281 1304 341 1361 τοῦ
364 1296 593 1382 δείφιναρίον,
617 1296 653 1362 έν
677 1287 703 1383 ᾧ
726 1295 826 1379 ἔπηξα
843 1299 990 1382 περόνην
1008 1298 1193 1382 σιδηρᾶνεο

137 1399 192 1466 καί
292 1404 339 1478 είς
361 1404 401 1467 τὰ
425 1401 544 1488 στέρνα
566 1413 627 1468 τοῦ
651 1404 877 1489 δελφιναρίον.
919 1406 1000 1468 ἔστω
1024 1405 1072 1480 είς
1089 1405 1151 1487 τὴν

137 1507 281 1592 ἐκκοπὴν
303 1509 506 1594 Ῡόχούμενον
528 1508 560 1588 έξ
584 1507 659 1586 ἕνὸς
681 1508 802 1596 μέρους
824 1513 976 1595 τρόχιίος
997 1511 1150 1596 καθάπερ

137 1616 174 1680 τὸ
202 1614 511 1701 ὑπογεγραμμένον·
542 1615 563 1699 ἡ
591 1612 629 1680 δέ
661 1615 781 1699 έκκοπὴ
808 1615 828 1700 ἡ
857 1616 892 1681 έκ
919 1625 976 1701 τῆς
1005 1623 1151 1703 πλευρᾶς

102 1723 258 1806 am,
281 1720 369 1800 ἄξων
387 1718 425 1787 δέ
447 1722 552 1806 δΓΛ,
575 1725 727 1808 τρόχιίος
750 1719 787 1787 δέ
805 1722 824 1787 δ
842 1727 914 1788 ΕΖ.
955 1735 1067 1808 τρνπῶ
1087 1719 1150 1789 οὖν

137 1830 197 1894 τὸν
224 1827 326 1906 ἄξονα
352 1830 434 1894 κατὰ
465 1830 526 1912 τὴν
553 1828 696 1913 ἐκκοπὴν
724 1831 847 1911 <κατδι>
875 1830 912 1894 τὸ
943 1834 972 1894 Θ
998 1828 1053 1895 καί
1081 1829 1149 1895 ένέ-
1165 1852 1192 1893 ισ

137 1933 223 2018 πηξα
250 1936 311 2019 τὴν
337 1938 483 2021 περόνην
510 1945 570 2000 τοῦ
598 1938 825 2022 δελφιναρίον.
871 1936 996 2002 ούκούν
1019 1935 1077 2002 ἐόν
1099 1961 1150 2014 τις

138 2042 278 2128 περιοίγη
303 2041 364 2106 τὸν
390 2044 546 2126 τρόχιίον
567 2051 607 2128 τῇ
634 2047 734 2128 χειρί,
762 2039 817 2107 ὁτὲ
843 2039 905 2126 μὲν
931 2044 1150 2109 καταδύσεται

138 2148 388 2232 ὁδείφινίσκος
410 2149 497 2213 κοίτω
521 2149 577 2213 διδι
599 2158 657 2232 της
680 2147 819 2232 έκκοπης
842 2152 889 2227 είς
911 2150 948 2216 τὸ
966 2152 1149 2237 θωράκιον,
1188 2171 1190 2177 ·

102 2251 192 2321 όὸτέ
215 2251 253 2320 δέ
275 2254 474 2320 ἀναδύσεται
496 2254 534 2319 έν
561 2263 606 2342 τῷ
631 2259 754 2320 πίνακι.
799 2256 855 2321 ίνα
878 2252 940 2322 οὖν
962 2256 1150 2342 αὐτόματον

137 2361 280 2445 <τοῦτο>
315 2360 461 2445 γένηται,
498 2363 646 2447 σπόριον
680 2362 920 2445 ἀπαγκνλώσας
955 2368 1150 2449 περιτίθημι
1164 2385 1193 2425 so

137 2465 214 2551 περί
237 2468 297 2533 τδν
318 2467 421 2533 τύίον
443 2468 503 2533 τὸν
526 2467 644 2533 ένόντα
667 2468 704 2535 έν
726 2478 773 2557 τῷ
795 2474 937 2558 τροχίίῳ
960 2469 1020 2534 τὸν
1045 2474 1072 2533 Ζ
1094 2468 1149 2534 καί

137 2572 321 2657 περιελίξας
356 2575 417 2639 τὸν
452 2578 608 2660 τρόχιίον
644 2575 830 2662 ἀποδίδωμι
867 2579 914 2653 είς
949 2576 1011 2659 τὴν
1048 2581 1149 2642 λείαν.

136 2717 186 2724 ...-

209 2799 403 2857 1οόνοω.Τ
475 2797 642 2872 δίποίηοεν
661 2819 691 2858 a:
711 2821 779 2858 corr.
793 2803 887 2858 Haase
901 2807 930 2858 et
943 2805 1016 2858 Prou
1071 2799 1149 2860 ἐκκο-

136 2872 192 2935 πὰς
218 2871 295 2927 Leid.
315 2871 417 2943 Scalig.
436 2877 483 2928 45:
512 2869 616 2936 έκοπδις
638 2873 705 2931 AG=
734 2871 765 2930 έιι
793 2875 865 2938 ποδις
887 2874 910 2928 Τ
1007 2882 1023 2930 6
1050 2875 1149 2938 στενὰς

137 2942 249 3014 scripsi:
268 2942 383 3014 οτεγνδις
401 2958 420 2999 α
492 2949 507 2998 7
526 2947 692 3018 καταλαβὼν
706 2962 736 3003 a:
755 2947 773 3000 f.
790 2945 839 3000 καί
852 2947 944 3019 λαβὼν
1000 2949 1102 3002 σανίδα
1117 2961 1148 3003 ιε

137 3053 252 3105 σανίδια
265 3051 295 3105 Μ
371 3057 440 3106 8-9
464 3032 662 3122 περιερρίνίγοα
680 3052 746 3108 A'I':
765 3055 957 3123 περιερρίνισα
975 3052 999 3107 G
1072 3059 1105 3108 10
1132 3046 1147 3126 f

136 3121 209 3177 refer
232 3122 269 3177 ad
292 3122 406 3189 ἀξόνιον
478 3120 567 3192 ἔπηξα
585 3123 628 3178 M:
652 3121 759 3193 έοπηξα
779 3140 809 3180 σε
832 3124 851 3180 f.
872 3123 1001 3194 ίνέπηξα.
1044 3125 1079 3180 cf.
1098 3124 1147 3180 lin.

138 3199 242 3248 15-16
316 3201 347 3248 11
367 3193 385 3248 f.
401 3190 637 3268 <ίμπεπηγνῖαν>
655 3193 701 3258 είς.
739 3195 773 3250 cf.
784 3214 810 3265 p.
825 3201 917 3266 440‚1
990 3195 1057 3251 έοτω
1072 3195 1148 3269 <δὲ>

136 3264 210 3318 Prou
301 3271 333 3320 12
360 3265 510 3337 ὀχούμενος
528 3265 602 3320 Prou
672 3264 809 3338 τρόχιίοςε
836 3266 986 3337 ίτρόγιον
1077 3273 1111 3321 14
1128 3267 1148 3321 f.

269 3336 286 3407 ἡ
377 3341 410 3389 15
438 3336 510 3391 κατὰ
532 3335 637 3390 inserui
728 3343 761 3391 16
788 3337 807 3392 f.
827 3335 1008 3408 δείφιναρίον
1033 3337 1094 3412 (είς
1116 3339 1148 3393 τὸ

37 3455 84 3466 .-
136 3333 313 3473 ύόύωδέονος
334 3407 486 3480 τρύπημα)
594 3413 628 3462 17
656 3408 843 3463 καταδύσεται
861 3408 926 3465 GT:
954 3409 1149 3465 καδύσεταιΑ

170 3483 311 3617 guamo
334 3477 446 3532 inserui.
485 3479 518 3532 cf.
537 3497 565 3549 p.
580 3483 640 3547 372,
655 3485 680 3534 6.
700 3484 792 3547 388,6
882 3487 916 3534 22
935 3479 954 3536 f.
975 3481 1081 3554 (περί)
1098 3481 1148 3536 τὸν
