2604 3908
172 160 239 226 416
275 162 424 216 ΗΡΩΝΟΣ
443 159 644 222 ΔΛΕΞΔΝΔΡ.
659 163 746 214 ΠΕΡΙ
764 159 1186 218 ΔἸῪΟΜΑΤΟΠΟΙΗΤΙΚΗΣ.

49 319 160 386 XXIII
240 326 505 405 Κατασκευάζειν
527 322 564 390 δὲ
587 325 648 409 δεῖ,
670 325 821 409 καθάπερ
845 323 1044 410 ἐγράψαμεν,
1066 325 1188 410 ήλίκον

174 429 216 496 ἂν
247 432 403 516 βούλοιτό
434 455 484 508 τις
513 432 574 497 τὸν
605 435 727 497 πίνακα
758 441 883 516 ποιεῖν,
913 437 1111 515 τηλικοῦτον
1137 441 1187 520 τῷ

120 552 159 594 2⁶7
173 536 308 622 μεγέθει
338 541 500 605 πλινθίον
529 536 676 622 πήξαντα
704 537 739 602 ἐκ
767 539 914 603 σανίδων
941 535 1188 626 ἐλαφροτάλτωυ

173 645 276 709 πάνυ·
294 646 417 722 πλάτος
435 641 472 710 δὲ
487 644 649 729 ἐχέτωσαν
663 647 697 710 αἱ
712 644 844 722 σανίδες
857 645 938 711 ῒτοῦ
953 643 1050 711 ἕκτου
1063 645 1186 733 μέρους

137 754 234 816 2τοῦ
262 754 387 836 μήκους
409 761 477 816 τῶν
499 750 710 836 μακροτέρων
732 757 894 835 πλευρῶν.
939 752 976 816 τὸ
1000 748 1037 817 δὲ
1060 752 1186 836 ἔδαφος
1214 774 1229 814 ⁵

173 866 233 922 τοῦ
260 860 399 933 πίνακος
426 856 477 923 δεῖ
502 860 724 942 καθορμίζειν
751 858 799 934 είς
828 857 865 922 τὸ
888 861 1049 923 πλινθίον
1071 857 1185 942 μέσον,

120 1020 124 1028 ,
174 963 239 1028 ὑπὸ
263 960 300 1028 δὲ
323 964 361 1028 τὸ
385 964 472 1029 κάτω
495 961 594 1050 μέρος
616 973 676 1029 τοῦ
699 967 862 1029 πλινθίου
879 965 1052 1050 θωράκιον
1069 970 1187 1031 κοῖλον

173 1068 338 1154 ὑποπήξαι
366 1066 492 1154 ἀφανὲς
519 1071 566 1147 είς
593 1071 630 1135 τὸ
659 1072 801 1136 ὄπισθεν
825 1069 939 1155 μέρος,
968 1063 1185 1159 ᾦκαθαρμο-

174 1181 321 1241 σθεισῶν
348 1187 415 1242 τῶν
441 1183 560 1261 θυρῶν
584 1178 826 1261 καταβήσονται
850 1178 882 1242 ολ
905 1188 1059 1264 στροφεῑς
1081 1187 1185 1262 μήκος

174 1283 304 1366 ἔχοντες
341 1284 424 1349 ὥστε
459 1282 514 1349 καλ
550 1284 678 1350 τούτων
711 1284 864 1350 κάτωθεν
896 1282 1185 1376 έπιστρεφομένων
1199 1307 1228 1347 ιο

174 1387 370 1472 ἀνοίγεσθαι
393 1387 448 1455 καὶ
470 1391 572 1456 πάλιν
593 1393 764 1456 κλείεσθαι
786 1391 844 1467 τάς
866 1390 984 1476 θύρας.

138 1500 157 1556 3
233 1494 339 1562 Ἔστω
359 1492 476 1563 οὖντὸ
498 1497 671 1583 θωράκιον
689 1495 725 1562 έκ
742 1507 810 1562 τῶν
827 1499 1018 1582 ἔμπροσθεν
1035 1498 1184 1584 θεωρού-

173 1626 276 1686 μενον
292 1604 330 1668 τὸ
349 1609 381 1668 Α
387 1607 427 1687 Β,
450 1613 604 1689 στροφεῖς
622 1600 660 1668 δὲ
681 1605 713 1669 ολ
732 1603 767 1668 εἰι
785 1615 852 1669 τῶν
870 1610 988 1690 θυρῶν
1005 1607 1185 1689 καταβεβη-

173 1711 266 1786 κότες
286 1711 319 1775 ολ
338 1712 376 1792 Γ,
394 1715 436 1774 Δ.
478 1709 603 1775 οὐκοῦν
626 1709 684 1776 έάν
706 1733 756 1788 τις
779 1721 850 1787 ταῖς
872 1709 987 1795 χερσίν
1005 1710 1184 1797 έπιστρέήιη

173 1817 252 1892 τοὺς
275 1827 429 1901 στροφεῑς
452 1814 503 1901 ἐφ’
528 1815 682 1902 ἑκάτερον
704 1816 817 1903 μέρος,
840 1816 963 1895 ἀνοίξει
985 1815 1040 1883 καὶ
1062 1821 1185 1884 κλείσει
1198 1839 1226 1880 ιι

136 1987 142 1999 ‚
173 1923 231 1999 τάς
257 1923 374 2007 θύρας.
420 1923 476 1987 ἰ’να
503 1918 685 1989 οὖντοῦτο
714 1925 769 1990 διά
796 1932 853 2007 τῆς
880 1925 1028 2009 σπάρτου
1053 1929 1185 2008 γίνηται

173 2029 369 2115 αὐτόματον,
389 2027 566 2114 ἑλκομένης
579 2031 680 2115 αύτής
693 2030 758 2096 ὑπὸ
772 2039 830 2113 τῆς
843 2034 932 2107 λείας
946 2029 983 2095 έν
996 2040 1035 2116 τῇ
1050 2032 1184 2118 σύριγγι

173 2136 274 2220 οὔσης
302 2135 355 2201 ἐπὶ
387 2145 445 2220 τῆς
471 2138 621 2221 ψάμμου,
653 2140 859 2224 παρατίθημι
885 2147 955 2213 τοῖς
982 2147 1185 2223 στροφεῦσιν

173 2240 275 2320 άξονα
293 2244 437 2326 πλάγιον
451 2243 623 2328 ἀφεστῶτα
636 2243 758 2329 μικρὸν
771 2255 838 2315 τῶν
851 2241 1023 2329 στροφέων
1036 2246 1096 2310 τὸν
1109 2248 1183 2328 ΕΖ,

138 2352 402 2434 δστρεφόμενου
438 2349 609 2434 έντόρνως.
664 2348 831 2434 ἐτρύπησα
867 2346 904 2415 δὲ
935 2348 1091 2435 ἑκάτερον
1117 2363 1185 2416 τῶν
1199 2371 1226 2413 εο

174 2455 346 2540 στροφέων
377 2454 431 2521 καλ
465 2457 577 2540 λαβὼν
609 2457 756 2541 σπάρτου
789 2455 943 2540 ἐπείλησα
975 2458 1098 2542 διπλήν
1129 2457 1184 2523 καὶ

174 2560 332 2645 ἐνέβαλον
365 2564 464 2646 τήνδε
488 2563 596 2645 ἁπλῆν
623 2564 671 2639 εἰς
698 2563 735 2628 τὸ
763 2563 917 2649 τρύπημα
944 2562 998 2629 καί
1027 2562 1185 2649 ἐπίουρον

173 2670 254 2751 μετὰ
289 2671 408 2752 κόλλης
445 2667 624 2755 ένίκρουσα
659 2667 714 2735 καί
747 2668 914 2754 άπέλαβον
946 2670 1064 2755 αὐτήν,
1103 2673 1185 2737 ὥστε

173 2772 287 2858 μηκέτι
314 2772 514 2859 έκσπᾶσθαι,
542 2774 626 2842 άλλιλ
652 2775 766 2860 μένειν
794 2776 972 2864 ἀραρότως.
1020 2786 1120 2843 τοῦτο
1148 2774 1185 2844 δὲ

172 2882 313 2964 ποιήσας
340 2881 585 2966 ἀποκατέστησα
612 2884 671 2960 τὰς
693 2883 796 2969 ἀρχάς
817 2882 892 2970 περὶ
916 2886 975 2951 τὸν
998 2883 1100 2963 άξονα
1122 2886 1184 2969 τήν
1200 2904 1226 2945 26

172 2983 234 3072 μὲν
264 2989 346 3052 κατὰ
377 2988 415 3053 τὸ
444 2992 510 3054 ΓΔ
537 2992 672 3056 άνωθεν
698 2999 758 3055 τοῦ
786 2989 918 3075 άξουος,
950 2992 1011 3075 τήν
1039 2987 1076 3056 δέ
1103 2993 1185 3074 κατὰ

245 3250 424 3306 lazone
496 3251 580 3307 θτδν
597 3252 635 3307 A:
653 3252 705 3321 τὴν
722 3217 793 3306 (δΤἸ
846 3252 1183 3325 θμεγέθειεοωμήκειλ

172 3320 264 3412 πήξας
282 3337 312 3392 α,
332 3340 404 3430 μου.
419 3322 451 3377 R.
465 3322 645 3448 ἓοθμοὲιοωίμ
668 3322 786 3449 εέολιεδδε.
823 3325 1184 3451 gnapffiferssfflmf?

86 3464 89 3465 ’
173 3399 338 3536 <ελ>ελῖω
359 3409 484 3519 ςιλ-ιί
503 3413 773 3537 λαιάρερηλιῖλῖυ
864 3415 899 3521 ά
919 3415 985 3530 ἷιλς
1002 3467 1068 3522 AT:
1090 3439 1185 3523 που

210 3541 243 3588 16
262 3532 376 3605 γένηται
390 3535 420 3588 Μ
493 3540 525 3588 19
543 3536 690 3604 ἀφεστῶτα
703 3535 797 3590 Haase
816 3539 845 3591 et
858 3536 953 3608 Egger
966 3539 1049 3609 (Pron
1067 3558 1094 3609 p.
1108 3541 1183 3609 222):
