2598 3886
147 139 193 205 34
268 141 418 196 ΗΡΩΝΟΣ
437 137 705 200 ΑΔΕΞΔΝΔΡΕΩΣ
723 141 992 195 ΠΝΕΤΜΑΤΙΚΩΝ
1009 143 1041 195 Α.

149 303 348 389 ἐπιφάνειαν
375 303 534 388 λαμβάνει
556 301 696 390 κέντρον
718 305 860 388 ἔχουσαν
882 303 920 368 τὸ
943 302 1024 367 αὐτὸ
1048 312 1086 389 τῇ
1110 311 1167 388 γῇ,

148 411 194 496 μη
216 410 363 496 ἠρεμοῦν
385 406 422 474 δὲ
446 408 527 496 ῥέει,
555 409 616 488 ἕως
639 405 695 494 οὑ,
723 411 767 487 ὑς
790 415 930 497 εἴρηται,
954 408 991 474 ἐν
1012 417 1073 496 μιᾷ
1095 407 1165 474 ἐπι-

149 520 270 604 φανείη
294 525 451 603 σφαιρικῇ
470 515 613 601 γένηται.
632 516 691 582 ἐάν
708 517 773 602 ἀρα
790 517 852 582 ὑύο
872 515 987 600 ἀγγεῖα
1005 518 1166 600 λαβόντες

150 622 345 708 ἐμβάλωμεν
374 624 421 701 είς
449 620 604 710 ἑκάτερον
630 620 738 710 ὑγρὸν
764 621 818 688 καὶ
845 623 1077 709 πληρώσαντες
1103 619 1165 688 τὸν

149 733 281 814 σίφωνα
303 731 567 814 καταλαβόμενοί
586 729 664 814 <τε>
685 729 788 795 αὑτοῦ
811 731 851 794 τά
874 731 992 814 στόμια
1013 739 1083 806 τοῖς
1105 730 1164 794 aa·
1190 743 1206 786 ⁵
1244 797 1246 802 ,

150 835 284 912 κτὺλοις
308 834 362 920 ίμ-

150 943 304 1026 βάλωμεν
325 937 363 1005 τὸ

149 1047 265 1134 ἕτερον
293 1045 364 1113 σκέ-

83 1179 84 1182 *
149 1160 208 1230 λος
259 1153 364 1220 αὑτοῦ

152 1260 190 1326 ἐν
219 1257 269 1326 ἑνὶ
296 1270 364 1325 τῶν

150 1367 294 1450 ἀγγείων
305 1370 363 1450 βα-

159 1476 355 1559 κτιζόμενον

149 1582 198 1658 είς
211 1577 364 1664 τὸὺὑωρ,
455 1628 464 1639 ε

149 1684 187 1753 τὸ
198 1682 235 1751 δὲ
245 1682 364 1751 λοιπὸν

57 1849 59 1852 ,
150 1791 188 1856 ἐν
205 1799 251 1879 τῷ
266 1788 365 1878 ἑτέρῳ

132 1897 288 1986 ,ἆίίείῳι
314 1899 364 1979 λ’ί·

151 2028 242 2071 νεται
273 2019 365 2070 συνε-

150 2109 205 2196 χὲς
233 2113 270 2177 τὸ
297 2121 365 2176 πᾶν

151 2217 257 2303 ὕδωρ·
292 2215 364 2282 ἑκά-

150 2348 249 2411 τερον
270 2324 334 2409 γάρ
357 2332 425 2388 τῶν
447 2321 485 2387 ἐν
503 2331 572 2399 τοῖς
590 2320 736 2404 ἀγγείοις
752 2320 867 2407 ὑγρῶν
884 2321 1042 2386 συνάπτει
1060 2328 1106 2408 τῷ
1124 2318 1162 2385 ἐν
1176 2343 1206 2385 ιο

151 2438 198 2518 τῷ
229 2432 352 2514 σίφωνι
383 2428 492 2517 ὑγρῷ,
523 2429 606 2493 ὥστε
635 2438 702 2492 πᾶν
729 2424 859 2511 ἐγένετο
884 2425 1028 2512 συνεχές.
1050 2429 1080 2492 εί
1102 2423 1166 2511 μὲν

152 2531 215 2602 οὑν
251 2537 285 2601 αλ
320 2538 484 2622 πρότερον
515 2534 553 2600 ἐν
583 2544 653 2612 τοῖς
682 2533 828 2618 ἀγγείοις
854 2544 922 2599 τῶν
951 2535 1066 2621 ὑγρῶν
1095 2533 1165 2599 ἐπι-

151 2643 287 2727 φάνειαι
317 2641 354 2707 ἐν
383 2650 444 2729 μιᾷ
475 2636 561 2726 ἦσαν
586 2640 777 2728 ἐπιφανείη,
803 2640 959 2727 ηρεμήσει
980 2639 1036 2706 καί
1059 2635 1166 2717 οὑτως

152 2746 287 2833 ἑκατέρα
317 2747 427 2813 αὑτῶν
455 2757 516 2814 τοῦ
552 2750 698 2833 σίφωνος
724 2745 961 2832 ἐμβληθέντος·
989 2748 1018 2812 εί
1045 2742 1083 2812 ὑὲ
1112 2747 1164 2830 οὑ,

152 2851 222 2919 ἐπεὶ
246 2850 380 2938 συνεχὲς
403 2851 532 2938 ἐγένετο
555 2856 592 2920 τὸ
615 2853 718 2940 ὑὺωρ,
741 2853 866 2938 ἀνάγκη
885 2862 974 2918 πᾶσα
992 2851 1064 2940 ῥεῖν
1082 2851 1164 2918 αὐτὸ
1179 2873 1208 2914 ετ

719 2193 770 2244 Εἰς.
786 2178 804 2234 κ’.

152 2958 206 3026 ἐπὶ
232 2960 270 3026 τὸ
298 2964 532 3048 ταπεινότερον
558 2962 614 3026 ὑιά
644 2962 706 3044 τὴν
728 2958 917 3045 συνέχειαν,
944 2958 1005 3037 ἕως
1028 2956 1068 3026 οὑ
1091 2962 1165 3045 ἤτοι

152 3066 190 3133 ἐν
221 3074 282 3155 μιᾷ
310 3063 443 3151 γένηται
476 3064 652 3154 ἐπιφανείη
683 3068 720 3132 τὸ
752 3066 790 3132 ἐν
820 3076 890 3143 τοῖς
921 3065 1067 3150 ἀγγείοις
1097 3075 1167 3132 πᾶν

151 3174 243 3261 ὑὺωρ
266 3173 287 3258 ὑ
311 3174 348 3239 τὸ
367 3171 482 3261 ἕτερον
499 3185 566 3239 τῶν
585 3172 729 3257 ἀγγείων
746 3180 887 3261 κενωθῇ.
909 3171 1072 3258 γεγονέτω
1091 3166 1165 3255 οὑν,

151 3280 197 3356 ὑς
228 3285 372 3366 είρηται,
408 3279 446 3346 ἐν
478 3289 539 3367 μιᾷ
570 3278 746 3367 ἐπιφανείᾳ
777 3281 817 3345 τά
849 3278 886 3345 ἐν
917 3289 986 3357 τοῖς
1018 3279 1166 3363 ἀγγείοις

151 3385 254 3470 ὑγρά·
272 3386 427 3472 ἠρεμησει
446 3387 520 3473 ἀρα,
539 3388 622 3452 ὥστε
639 3384 694 3451 καὶ
711 3386 749 3451 τὸ
769 3383 869 3473 ἐντῷ
888 3388 1011 3470 σι’φωνι
1025 3403 1162 3473 σννηρε-
1180 3405 1210 3447 ιο

152 3493 248 3576 μήσει
275 3491 403 3570 αὐτοῖς·
431 3490 490 3557 ἐάν
517 3493 581 3578 ἀρα
608 3494 712 3578 νοηση
739 3516 790 3569 τις
816 3490 1084 3577 ἀποτετμημένον
1105 3493 1167 3558 τὸν
