2598 3886
146 177 191 242 3-2
264 179 413 232 ΗΡΩΝΟΣ
431 176 697 236 ΑΔΕΞΑΝΔΡΕΩΣ
716 178 985 254 ΠΝΕΤΜΑΤΙΚΩΝ
1005 180 1036 231 Δ.

629 372 670 438 Π.

219 500 286 582 Τήν
316 495 377 584 μὲν
410 494 471 564 οὖν
503 496 679 585 εἰρημένην
706 497 759 564 έπί
786 508 847 564 τοῦ
875 502 1022 584 σίφωνος
1049 500 1162 564 αἰτίαν

146 602 235 682 τινές
266 605 493 671 ἀποδεδώκασι
525 605 691 689 λέγοντες,
724 607 809 671 διύτι
837 607 874 670 τὸ
903 609 1014 690 μεῖζον
1044 602 1160 682 σκέλος

146 711 249 778 πλέον
271 711 363 798 ύδωρ
386 714 464 796 ἔχον
486 710 659 776 ἐπισπᾶται
682 712 719 776 τὸ
744 714 888 777 ἔλαττον.
910 712 960 777 ὅτι
979 707 1016 776 δέ
1034 713 1160 795 ψευδής

146 819 239 884 ἐστιν
260 818 281 902 ή
305 818 439 901 τοιαύτη
462 818 552 882 αἰτία
573 815 628 882 καί
652 817 669 882 ὁ
693 818 796 904 ταύτη
818 819 996 895 πιστεύσας
1013 818 1162 902 μεγάλως
1189 833 1204 875 ⁵

147 924 234 1008 <ἀν>
257 924 451 1007 ἀγνοήσειεν
473 923 680 1008 ἐπιχειρήσας
703 923 767 988 ἀπὸ
791 934 948 990 ταπεινοῦ
971 924 1063 1010 ύδωρ
1083 923 1162 1007 ἀγα·

146 1041 235 1114 γελν,
268 1030 373 1107 οὕτως
404 1028 632 1114 ἀποδείξομεν·
659 1029 821 1113 γεγονέτω
848 1033 912 1118 γὰρ
941 1034 1051 1115 σι’φων
1078 1034 1163 1116 ἔχων

147 1139 185 1203 τὸ
209 1137 303 1214 ἐντὸς
327 1135 440 1212 σκέλος
462 1138 666 1222 μακρότερύν
683 1159 720 1202 τε
736 1135 791 1202 καί
811 1140 938 1221 στενόν,
957 1138 994 1202 τὸ
1013 1135 1051 1202 δέ
1070 1137 1162 1214 ἐκτὸς

146 1244 328 1330 εύρύτερύν
350 1268 386 1309 τε
407 1242 462 1309 καί
485 1245 622 1309 ἐλαττον
643 1249 757 1332 πολλῷ
774 1245 856 1309 κατὰ
874 1253 987 1329 μήκος,
1006 1245 1089 1309 ὥστε
1108 1242 1161 1309 δέ-

147 1359 267 1437 χεσθαι
288 1348 391 1416 πλέον
412 1350 504 1436 ύδωρ
528 1349 609 1415 αύτὸ
633 1360 693 1416 τοῦ
716 1349 922 1437 μακροτέρου
942 1349 1086 1427 σκέλους.
1104 1348 1159 1415 καί
1176 1367 1202 1408 1⁰

149 1458 253 1534 ούτως
274 1457 504 1542 πεπληρώσθω
527 1456 663 1534 ύδατος·
682 1458 719 1522 τὸ
739 1453 777 1521 δὲ
794 1461 906 1541 μεῖζον
924 1456 1028 1522 αὐτοῦ
1047 1456 1163 1534 σκέλος

149 1563 364 1648 ἐμβεβλήσθω
393 1565 440 1639 εἰς
466 1562 588 1638 ὕδατος
618 1562 754 1645 ἀγγεῖον
780 1561 800 1646 ή
827 1561 882 1628 καὶ
911 1569 958 1640 εἰς
984 1587 1016 1628 τι
1046 1561 1162 1650 φρέαρ.

149 1670 274 1736 οὐκοῦν
297 1668 356 1734 ἐάν
378 1667 515 1753 ἀφῶμεν
538 1668 610 1754 ῥελν
631 1669 669 1733 τὸ
693 1668 785 1745 έκτὸς
808 1668 933 1753 σκέλος,
950 1669 1053 1735 πλέον
1069 1669 1162 1756 ὕδωρ

106 1796 135 1837 ει
148 1778 226 1859 ἔχον
248 1783 308 1839 τοῦ
332 1772 424 1849 ε’ντὸς
448 1773 660 1839 ἐπισπάσεται
683 1775 720 1839 τὸ
745 1774 780 1839 έκ
801 1784 861 1840 τοῦ
879 1779 1038 1860 μειξονος,
1059 1775 1063 1859 ἰ
1084 1775 1101 1840 ὃ
1121 1777 1163 1860 δή

148 1879 203 1946 καί
231 1879 507 1945 συνεπισπάσεται
536 1881 573 1945 τὸ
602 1880 639 1945 έν
665 1888 712 1968 τῷ
740 1879 871 1967 φρέατι·
900 1880 955 1946 καὶ
979 1880 1164 1968 ἀρξάμενον
1178 1899 1204 1939 1⁵
1234 1866 1237 1870 ⁵

150 1986 240 2074 ῥέειν
268 1997 336 2052 πᾶν
364 1987 500 2052 κενώσει
529 1985 550 2070 ή
578 1985 629 2052 ἀεὶ
657 1987 782 2073 ῥεύσει,
812 1986 986 2074 ἐπειδήπερ
1010 1989 1047 2053 τὸ
1072 1988 1164 2066 έκτὸς

148 2094 256 2180 ὑγρὸν
282 2095 399 2159 πλεῖόν
429 2092 496 2158 ἐστι
526 2102 585 2158 τοῦ
618 2092 655 2158 έν
681 2102 728 2182 τῷ
757 2093 850 2170 ἐντὸς
880 2094 996 2160 σκέλει.
1024 2094 1093 2160 ἀλλ’
1121 2095 1162 2160 ού

45 2218 46 2222 ’
149 2205 303 2286 φαίνεται
334 2209 433 2265 τοῦτο
465 2202 656 2285 γινόμενον·
690 2200 751 2266 οὐκ
779 2202 843 2286 ἀρα
869 2201 997 2286 ἀληθής
1025 2201 1115 2267 έστιν
1141 2201 1162 2286 ή

149 2305 304 2392 εἰρημένη
340 2309 436 2371 αἰτία.
474 2309 598 2392 ἰδωμεν
630 2308 671 2390 δή
702 2308 763 2390 τήν
794 2309 876 2372 κατά
907 2308 1013 2393 φύσιν
1045 2309 1163 2373 αἰτίαν.

149 2413 262 2496 ἐπειδή
293 2413 357 2497 γάρ
385 2421 453 2476 πᾶν
485 2409 619 2497 συνεχὲς
649 2413 757 2500 ὑγρὸν
787 2412 955 2500 ήρεμήσαν
983 2416 1164 2500 σφαιρικήν
1177 2432 1204 2474 ιο

217 2572 237 2618 a
260 2561 369 2619 4—10
398 2558 442 2619 ὅτι
469 2555 500 2619 δέ
527 2558 644 2637 ψευδής
751 2569 804 2620 τοῦ
832 2557 1013 2641 μακροτέρου
1041 2557 1163 2634 σκέλους

150 2674 193 2696 =
216 2643 239 2707 b
264 2649 408 2706 22-28:
437 2646 481 2708 ὅτι
508 2645 540 2708 δέ
567 2647 684 2726 ψευδής
712 2645 790 2709 ἐστιν
819 2645 835 2708 δ
862 2657 994 2722 τοιοῦτος
1022 2648 1163 2728 αἰτιύδης

150 2735 236 2817 λόγος
258 2734 307 2796 καί
332 2733 347 2796 δ
370 2737 463 2822 τούτῳ
486 2737 642 2809 πιστεύσας
665 2737 707 2809 εἰς
732 2737 861 2818 μεγάλην
884 2735 1008 2818 ἀγνοιαν
1030 2736 1163 2818 ἐμπεσεῖ-

149 2848 212 2902 ται,
239 2822 291 2885 ἐὰν
319 2822 486 2910 ἐπιχειρήση
514 2823 573 2886 ἀπὸ
600 2835 741 2887 ταπεινοῦ
768 2824 861 2887 τύπου
888 2826 969 2906 ύδωρ
992 2824 1162 2908 ἀναγαγεῖν,

149 2914 244 2985 ούτως
279 2910 486 2993 ἀποδείξομεν
523 2913 663 2994 γεγονέτω
694 2913 750 2996 γάρ
782 2915 880 2992 σίφων
911 2913 984 2995 έχων
1015 2914 1047 2976 τὸ
1079 2914 1162 2988 ἐντὸς
1176 2927 1203 2970 25

150 3001 251 3075 σκέλος
284 3001 461 3084 μακρότερόν
492 3024 522 3063 τε
549 3001 599 3063 καί
626 3002 743 3081 στενόν,
774 3002 806 3064 τὸ
835 2999 867 3064 δέ
895 3001 977 3076 ἐκτὸς
1004 3003 1162 3085 εύρύτερον

150 3089 219 3172 μέν,
247 3095 345 3176 πολλῷ
373 3087 402 3152 δ’
427 3089 545 3152 έλαττον
572 3091 644 3152 κατά
672 3100 781 3172 μήκος,
808 3091 879 3153 ὥστε
908 3090 1045 3172 δέχεσθαι
1072 3091 1163 3155 πλέον

149 3181 231 3262 ὕδωρ
254 3178 325 3241 αύτὸ
348 3190 401 3242 τού
425 3177 605 3262 μακροτέρου
628 3179 757 3253 σκέλους.

223 3410 236 3457 1
252 3408 337 3475 eaput
350 3421 406 3459 non
421 3403 571 3475 distinguit
584 3404 607 3458 T
668 3410 737 3458 2-3
753 3402 847 3458 αἰτίαν
860 3403 934 3467 τινες
948 3398 995 3458 ἐπὶ
1009 3412 1058 3459 τοῦ
1073 3405 1161 3473 τίφω-

145 3494 199 3536 Ινος
217 3475 289 3530 tr.T
369 3475 481 3545 λύδωρ
500 3475 591 3529 om.'l¹
672 3475 744 3529 6ἀν
762 3474 867 3530 inserui
946 3482 1026 3530 8στε
1046 3473 1096 3530 νόν
1115 3473 1160 3548 T„

151 3562 219 3601 corr.
234 3545 268 3617 Τ,
348 3553 379 3600 11
400 3545 471 3601 ούτω
490 3546 512 3599 Τ
533 3548 565 3600 ut
583 3545 688 3616 passim
761 3552 794 3600 12
813 3567 839 3601 τι
857 3546 947 3603 ATb:
970 3547 1002 3601 τὸ
1021 3495 1067 3617 ἀμ
1091 3563 1162 3604 corr.
