2594 3892
146 157 209 222 136
259 159 414 224 ΙΗΡΩΝΟΣ
432 157 698 220 ΑΛΕΞΑΝΔΡΕΩΣ
717 162 985 216 ΠΝΕΤΜΑΤΙΚΩΝ
1003 164 1033 218 Δ.

143 320 244 394 ΞΟΔ
252 326 278 385 Ζ
307 327 445 406 σωληνι,
472 322 490 387 6
518 319 555 388 ὑὲ
583 321 693 408 ἔτερος
719 331 765 411 τῷ
788 324 910 410 ὑιχηλφ
933 331 979 412 τῷ
1001 325 1084 408 πρὸς
1106 331 1152 410 τῷ

143 447 186 512 Ιης·
214 427 494 556 ἐπιστρεφομεχου
521 431 585 514 γὰρ
611 439 672 494 τοὺ
700 427 809 494 έπύνω
838 435 985 512 σωλῆνος
1007 427 1061 493 καλ
1084 428 1153 494 ἐπι-

143 569 301 646 νεύοντος
327 580 387 635 τοῦ
414 574 459 636 Μ
480 570 498 635 6
527 570 727 656 ἀναπιεσμὸς
753 571 1004 656 γίνεται,,πρὸς
1031 569 1071 636 ὃν
1094 569 1151 636 ε’ὑν

144 677 344 761 βουλώμεθα
366 679 476 742 τόπον.
513 673 577 754 ἔξει
600 673 636 742 66
655 675 709 741 καὶ
728 677 746 742 6
765 679 833 744 ἅνω
853 674 1151 762 συνεσμηρισμένος

145 784 256 866 σωλὴν
277 784 467 866 κωλυμύτια
489 785 572 868 πρὸς
594 784 631 849 τὸ
654 784 698 867 μὴ
716 783 782 849 ὑπὸ
801 791 858 866 της
876 792 936 848 τοῦ
953 782 1060 868 ὑγροῦ
1078 786 1150 866 βίας
1177 801 1191 841 5

145 889 313 954 ἐκπίπτειν
351 897 410 953 τοῦ
450 887 609 975 ὀργάνου·
648 898 750 954 ταῦτα
782 885 819 954 66
851 891 941 954 ἔσται
970 889 1150 974 γαμμοειὺἧ

144 993 429 1078 συγκεκολλημένα
448 995 537 1082 αὐτῷ
550 993 605 1060 καὶ
619 993 695 1080 περὶ
708 999 824 1081 κρίκον
839 999 1045 1081 στρεφόμενα
1062 1018 1150 1082 περι-

143 1106 295 1187 κείμενον
318 1109 363 1187 τῷ
385 1101 538 1170 ὑποκάτω
563 1107 695 1185 σωληνι.

567 1331 706 1398 ··XXIX,

209 1458 490 1536 Κατασκευύζεται
518 1454 555 1522 66
583 1459 620 1522 ἔν
647 1481 713 1521 τινι
740 1459 829 1545 τύπφ
856 1456 947 1542 ὕδωρ
976 1456 1152 1542 ἐπίρρυτον
1165 1475 1193 1515 ω

144 1567 253 1647 ἔχοντι
285 1567 369 1651 ζῷον
396 1569 462 1628 εἴτε
488 1569 634 1648 χαλκοῦν
662 1568 726 1628 εἴτε
755 1562 786 1641 έξ
815 1564 916 1645 ἀλλης
942 1563 1032 1639 τινὸς
1058 1563 1152 1647 ὑλης·

143 1670 423 1756 προσενεχθέντος
453 1666 490 1735 ὑὲ
518 1670 606 1756 αὐτῷ
636 1673 796 1754 ποτηρίου
822 1673 911 1734 πίνει
938 1671 1017 1753 μετὰ
1039 1672 1153 1752 ψόφου

140 1775 198 1844 καὶ
229 1780 324 1861 βοῆς,
356 1778 439 1842 ὥστε
471 1779 658 1861 φαντασίαν
689 1786 799 1841 ποιεῖν
829 1776 941 1859 δίψης·
973 1778 1041 1840 ἔστι
1068 1771 1105 1840 66
1131 1774 1152 1858 η

143 1885 324 1967 κατασκευὴ
347 1885 491 1966 τοιαύτη.
1247 1886 1248 1890 ’

201 1989 308 2056 Ἔστω
340 2015 371 2055 τι
403 1989 539 2072 ἀγγεῖον
570 1990 607 2053 τὸ
634 1994 714 2072 ΑΒ,
748 1984 785 2054 έν
815 1979 843 2075 ᾦ
874 1988 1052 2074 ἐπίρρυτον
1084 1988 1153 2054 ἐστι
1167 2005 1193 2046 15

144 2098 402 2183 κρουνισμύτιον
428 2097 465 2161 τὸ
489 2098 529 2159 Γ·
557 2094 594 2159 ἐν
621 2091 658 2160 66
684 2102 730 2182 τῷ
753 2099 819 2159 ΑΒ
842 2094 963 2183 ἀγγείῳ
985 2096 1154 2180 καμπύλος

145 2208 254 2288 σίφων
276 2206 358 2269 ἔστω
381 2199 402 2284 ἢ
424 2202 559 2275 πνικτὸς
578 2200 734 2283 ὑιαβητης
752 2199 770 2264 6
789 2204 859 2264 ΔΕ
864 2204 908 2282 Ζ,
926 2196 967 2265 οὑ
985 2201 1022 2267 τὸ
1041 2200 1154 2286 ἕτερον

146 2311 260 2387 σκέλος
291 2309 383 2384 ἐκτὸς
414 2305 597 2391 ὑπερεχέτω
627 2314 687 2370 τοῦ
715 2305 886 2390 πυθμένος
918 2315 978 2372 τοῦ
1009 2306 1153 2390 ἀγγείου.

144 2418 335 2482 ὑποκείσθω
364 2410 401 2479 66
428 2413 534 2501 τούτῳ
562 2413 658 2496 βύσις
685 2413 802 2496 στεγνη
825 2413 845 2496 η
870 2417 1012 2478 ΗΘΚΛ
1034 2416 1155 2500 ἔχουσα

144 2521 199 2588 καὶ
226 2523 308 2605 αὑτὴ
337 2521 457 2606 ὁμοίως
484 2519 657 2603 καμπύλον
686 2522 817 2603 σίφωνα
846 2520 905 2584 τὸν
928 2518 1050 2593 ΜΝΞ·
1073 2521 1154 2587 ὑπο·
1168 2538 1196 2578 εο

145 2633 269 2696 κείσθω
301 2623 338 2692 66
370 2635 416 2714 τῷ
441 2631 468 2692 Ζ
501 2629 622 2714 στομίφ
650 2626 738 2712 χύνη
766 2625 786 2708 η
812 2629 894 2709 ΟΠ,
920 2621 960 2709 ἧς
988 2625 1006 2692 6
1032 2628 1154 2704 καυλὸς

146 2734 273 2820 φερέτω
301 2736 348 2810 εἰς
375 2734 436 2816 την
459 2735 601 2798 ΗΘΚΛ
623 2733 723 2815 βάσον
745 2731 876 2816 ἀπέχων
898 2731 961 2798 ἀπὸ
984 2741 1044 2797 τοῦ
1067 2738 1154 2797 πυθ-

146 2841 244 2926 μένος
271 2840 352 2906 ὑσον
378 2839 475 2904 ύὺατι
506 2839 690 2924 ὑιύρρυσιν.
736 2839 773 2904 τὸ
796 2835 833 2904 66
856 2847 916 2903 τοῦ
939 2839 1058 2925 ζφὺίου
1081 2840 1155 2903 στύ-

219 3073 232 3122 1
252 3074 290 3140 τῷ
306 3069 382 3137 (ante
398 3069 432 3140 5)
446 3066 512 3121 Mb:
531 3067 562 3122 τὸ
576 3082 595 3121 a
667 3063 734 3120 3ὃν
749 3065 835 3120 om.'I'
906 3060 1061 3120 έάνΑΟὑε
1080 3063 1154 3120 ἀνΤ

183 3145 215 3194 11
236 3139 348 3206 ζάὑιον,
371 3141 416 3195 ὑιο
434 3137 465 3191 in
482 3154 550 3207 ras„
570 3136 594 3191 G
673 3143 706 3190 1⁷
726 3135 792 3191 ἔστω
812 3134 999 3208 ABOGLT,:
1023 3152 1076 3192 om.
1090 3135 1150 3208 P'I’1

183 3228 278 3298 ἕτερον
297 3228 390 3283 oodd.:
409 3224 492 3282 ffev?
525 3226 558 3280 cf.
573 3244 600 3295 p.
618 3231 677 3295 140,
693 3231 725 3278 13
804 3230 837 3279 20
856 3223 955 3295 μνζΤ

219 3467 233 3515 1
251 3449 332 3528 W}
348 3460 408 3516 GP:
428 3447 490 3526 ἀΐω
508 3458 558 3512 BL
635 3401 715 3513 316:
735 3463 753 3509 ἆ
770 3456 821 3509 BL
897 3458 1005 3526 γίνεται
1022 3471 1052 3512 a:
1074 3455 1156 3527 γενή-

95 3549 224 3586 -ωαι
242 3531 288 3586 hh
361 3538 429 3587 7-8
447 3526 638 3600 περικείμενος
656 3529 684 3595 b,
703 3528 776 3584 circa
790 3529 953 3586 claviculam
966 3545 1093 3586 conversa
1108 3529 1157 3598 qui
