2574 3918
139 185 204 250 468
288 185 457 238 PHILONlS
475 186 525 236 DE
543 184 702 236 mannus
720 182 1001 236 SPIRHUALIBUS.

142 347 302 412 subterius
335 351 367 412 et
398 346 560 430 inpleatur
595 344 745 428 plumbea
781 344 866 427 pixis
902 365 985 428 aqua
1021 363 1079 425 per
1119 364 1161 407 os

142 454 289 538 superius
309 457 341 517 et
360 453 548 518 obstruatur
565 455 640 535 post
659 472 695 515 οι
714 449 804 534 illud,
827 450 873 514 ita
895 454 932 514 ut
954 447 1056 513 nichil
1078 449 1161 513 inde

142 564 241 625 exeat.
265 558 453 625 infundatur
471 559 568 624 etiam
587 580 670 642 aqua
688 557 723 621 in
745 577 801 622 vas
824 555 914 640 illud,
938 553 1024 640 quod
1046 556 1160 640 cypho

142 666 247 730 simile
271 669 334 750 est,
362 666 536 730 secundum
560 664 773 749 quantitatem
797 686 859 747 qua
882 684 982 726 comu
1006 661 1092 747 quod
1120 662 1161 726 in

142 794 180 837 eo
204 776 269 837 stat
297 771 401 856 possit
428 770 554 854 inpleri
599 769 714 834 dehinc
741 791 816 834 vero
844 767 1007 852 aperiatur
1033 767 1160 833 canalis
1191 788 1206 829 s

143 878 304 943 subterius
328 878 521 959 obstructus,
544 880 576 940 et
599 875 700 940 exibit
723 897 815 960 aqua,
837 879 869 938 et
893 875 980 959 [cum
1003 878 1161 939 evacuata

143 984 243 1048 fuerit
269 982 400 1047 omnino
429 1004 490 1068 que
520 984 554 1046 in
583 982 691 1066 pixide
721 981 795 1066 est]
823 981 1002 1046 attrahetur
1032 985 1086 1044 abr
1117 1001 1160 1044 ex

144 1112 251 1154 cornu.
298 1089 353 1173 qui
376 1109 449 1154 curn
477 1089 604 1173 exierit,
631 1088 771 1153 attrahet
799 1109 906 1152 secum
934 1107 1063 1172 aquam,
1094 1108 1160 1171 que

145 1197 179 1260 in
197 1217 271 1260 vase
290 1199 347 1280 est,
367 1195 413 1282 [et
431 1195 518 1280 quod
539 1195 593 1260 hic
616 1195 731 1260 eccidit
755 1193 859 1259 simile
883 1198 932 1258 est
955 1193 984 1258 ei
1007 1193 1094 1278 quod
1118 1193 1160 1257 de

144 1302 206 1366 hoc
233 1302 335 1367 canali
365 1302 525 1389 contingit
555 1302 640 1366 visui
670 1305 746 1366 tuno
775 1301 997 1385 manifestum,
1025 1300 1053 1364 si
1083 1321 1160 1364 con·
1177 1322 1206 1361 ro

145 1409 376 1474 sideracionem
397 1407 606 1492 adhibueris]
639 1408 714 1492 quia
742 1407 915 1472 secundum
943 1407 1161 1492 quantitatem

146 1515 228 1580 aeris
256 1538 275 1578 a
301 1535 401 1579 cornu
431 1514 577 1578 exeuntis
607 1513 784 1578 elevabitur
813 1535 887 1596 pars
918 1535 999 1597 aque
1029 1513 1161 1578 detente

146 1643 219 1687 cum
238 1625 308 1686 e'e're
327 1621 453 1704 potenti
472 1642 541 1684 eam
565 1619 696 1704 elevare,
720 1619 858 1704 [elevata
882 1640 956 1684 vero
980 1618 1161 1708 descendet,
1250 1606 1253 1612 ⁵

148 1729 223 1813 quia
241 1749 280 1792 ex
297 1731 412 1791 natura
431 1749 488 1791 sua
506 1727 568 1791 hoc
585 1725 683 1791 habet
701 1729 738 1790 ut
757 1725 936 1810 descendat,
954 1726 1038 1792 siout
1060 1725 1161 1790 etiam

147 1833 482 1919 premonstravimusz]
502 1834 654 1918 quoniam
678 1855 760 1918 aqna
783 1832 892 1898 mollis
916 1833 982 1897 aeri
1005 1833 1163 1898 tenaciter
1178 1852 1206 1893 rs

148 1941 357 2005 continuatur
385 1944 417 2004 et
447 1940 621 2004 secundum
654 1939 866 2024 quantitatem
899 1939 982 2004 atris
1013 1939 1162 2004 exeuntis

95 2064 134 2106 occ
149 2051 223 2132 pars
251 2067 331 2131 aque
360 2045 501 2110 succedit
528 2049 560 2109 et
587 2045 694 2109 locum
722 2044 824 2128 ipsius
840 2041 843 2132 l
861 2043 1010 2110 obtinens
1037 2045 1163 2131 implet,

148 2175 212 2238 qua
230 2157 365 2218 exeunte
389 2157 442 2216 aer
465 2151 634 2235 subintrat,
657 2155 694 2215 ut
716 2151 823 2216 locum
846 2151 915 2216 eius
936 2150 1065 2235 repleat.
1090 2204 1096 2218 .
1122 2204 1128 2216 .
1155 2205 1162 2217 .

150 2264 181 2324 et
205 2259 264 2324 hec
287 2263 336 2325 est
358 2259 454 2325 huius
477 2259 525 2322 rei
547 2258 659 2344 figura.

635 2505 674 2570 V.
1179 2529 1207 2568 ro

215 2648 260 2713 Et
282 2652 455 2732 postquam
478 2648 718 2732 explanavimus
741 2648 818 2732 hoc,
847 2648 1088 2712 memorandum
1112 2653 1163 2713 est

150 2753 237 2818 aliud
264 2754 429 2840 ingenium
457 2753 562 2820 simile
589 2755 750 2839 praeunti,
780 2775 844 2839 quo
873 2754 1048 2819 docebatur
1075 2755 1163 2840 quod

221 2990 237 3038 3
255 2983 327 3037 illud
346 2983 468 3039 Patricio.
484 2985 531 3044 lot.
547 2986 633 3039 7295:
652 2983 730 3037 aliud
748 2984 827 3038 ceteri
844 2983 929 3051 codd,
948 2983 1020 3039 Rose
1088 2987 1158 3036 6-7

151 3073 214 3110 cum
312 3057 355 3109 est
376 3057 420 3110 bic
442 3057 509 3110 delet
531 3055 639 3110 Rocbos
715 3059 801 3108 9-13
826 3056 855 3108 et
876 3055 952 3122 quod
1051 3053 1160 3108 elevare

150 3128 315 3196 interpolata
333 3133 416 3195 potae
438 3126 470 3181 de
488 3125 597 3182 Rocbas
673 3131 758 3179 9—11
783 3127 812 3179 et
832 3125 908 3194 quod
927 3167 932 3180 .
950 3168 976 3180 ..
998 3123 1160 3179 adhibueris

152 3199 236 3253 delevi
308 3203 411 3251 13-15
431 3197 540 3251 elevata
560 3241 564 3250 .
582 3240 587 3251 .
604 3238 610 3251 .
629 3194 892 3266 premonstravimus
910 3197 955 3251 bic
971 3195 1040 3251 delet
1053 3195 1161 3252 Bocbos

189 3275 221 3322 17
246 3267 374 3322 obtinens
397 3269 453 3323 cod.
476 3269 612 3323 Loudia:
635 3266 779 3322 continens
802 3269 877 3323 codd.
899 3267 1071 3335 Monoecus,
1091 3267 1161 3322 Rosa

189 3343 222 3392 18
235 3341 255 3406 f.
266 3339 382 3408 repleat
403 3342 486 3410 <cum
496 3341 580 3408 (vero)
591 3339 726 3392 evacuata
740 3337 825 3392 fuerit
839 3338 951 3393 omnino
961 3341 1056 3409 (aqua)
1066 3353 1121 3406 que
1133 3337 1163 3392 in

152 3407 247 3478 pixide
267 3411 317 3477 est,
337 3411 432 3479 (aqua)
451 3409 560 3464 elevata
580 3409 667 3480 [vero]
686 3408 843 3476 descendet,
863 3409 930 3477 quia
948 3425 981 3462 ex
994 3411 1097 3462 natura
1112 3425 1163 3462 sua

152 3479 206 3532 hoo
222 3479 321 3546 habet,
345 3482 377 3533 ut
395 3480 558 3547 descendat,
583 3478 657 3532 sicut
675 3477 761 3533 etiam
779 3477 1074 3551 premonstravimus.>
1111 3481 1164 3534 buc

46 3563 58 3592 ι
153 3551 307 3618 boaapoae't
325 3550 432 3604 Rocbos
449 3552 524 3620 (vero
542 3553 599 3619 ipsc
617 3550 775 3618 bonaposai
792 3555 817 3605 et
836 3565 910 3618 aqua
928 3552 969 3605 bis
987 3550 1104 3618 addida).
