2608 3880
109 145 129 210 8
226 146 376 198 ΗΡΩΝΟΣ
395 145 661 202 ΑΛΕΞΑΝΔΡΕΩΣ
680 143 949 197 ΠΝΕΤΜᾹΤΙΚΩΝ
967 147 1004 198 Α..

108 307 363 373 ἀποικειοῦσθαι
394 303 612 390 ὑποληπτέον,
644 308 704 371 τὸν
736 303 773 371 δὲ
805 305 885 392 ἀέρα
913 307 973 370 τὸν
1000 303 1120 389 μεταξὺ

50 432 92 475 ιιι
107 424 174 479 τῶν
187 422 245 496 τῆς
263 414 398 498 ψάμμου
412 416 539 497 μορίων
559 410 562 498 λ
583 423 653 488 τοῖς
666 411 786 497 μεταξὺ
805 421 865 478 τοῦ
884 410 980 498 ἀέρος
998 421 1119 488 κενοῖς·

108 521 161 585 διὸ
191 518 246 584 καὶ
273 525 444 585 πιλεῖσθαι
472 520 531 584 τὸν
558 518 638 605 ἀέρα
667 521 841 604 συμβαίνει
869 518 905 583 ἐκ
933 521 1007 602 βίας
1029 518 1119 593 τινὸς

106 627 359 714 προσελθούσης
371 624 427 691 καί
446 626 634 704 συνιξάνειν
652 627 699 702 εἰς
716 627 774 701 τὰς
792 636 860 690 τῶν
877 635 984 690 κενῶν
1002 625 1118 710 χώρας,
1160 631 1161 636 ’

107 735 197 820 παρά
224 733 328 822 φύσην
354 743 422 797 τῶν
450 732 611 815 σωμάτων
636 733 720 817 πρὸς
747 733 873 815 ἀλληλα
895 728 1117 815 θλιβομένων·
1145 743 1160 789 ⁵

108 837 250 916 ἀνέσεως
268 835 305 904 δὲ
323 836 502 922 γενομένης
520 838 623 902 πάλιν
645 839 692 914 εἰς
714 839 775 922 τὴν
798 837 902 921 αὐτὴν
924 838 1018 916 τάξιν
1041 837 1119 902 ἀπο-

108 948 304 1011 καθίσταται
322 954 361 1030 τη
380 955 447 1008 τῶν
466 944 626 1028 σωμάτων
645 943 788 1030 εὐτονίᾳ,
809 945 959 1030 καθάπερ
978 943 1120 1019 καὶτοῖς

64 1095 65 1100 1
109 1063 176 1117 τῶν
194 1053 342 1138 κεράτων
360 1053 534 1135 συμβαίνει
559 1049 693 1135 ξέσμασι
716 1048 771 1115 καὶ
794 1061 864 1127 τοῖς
887 1050 998 1136 ξηροῖς
1021 1051 1119 1132 σπόγ-

110 1183 192 1243 γοις,
218 1157 298 1223 ὅταν
321 1155 570 1242 συμπιληθέντα
592 1157 709 1244 ἀνεθῄ,
731 1158 833 1222 πόλιν
857 1155 910 1222 ἐπὶ
932 1157 994 1240 τὴν
1017 1155 1121 1237 αὐτὴν

109 1266 222 1350 χώραν
235 1263 525 1330 ἀποκαθίστασθαι
538 1262 594 1328 καὶ
607 1265 667 1329 τὸν
680 1263 784 1329 αὑτὸν
798 1267 899 1348 όγκον
913 1263 1120 1345 ἀποδιδόναι,
1134 1278 1163 1316 1⁰

110 1371 231 1456 ὁμοίως
254 1367 291 1436 δὲ
313 1369 369 1436 καί
391 1369 450 1435 έάν
473 1393 564 1447 τινος
587 1373 662 1454 βίας
684 1369 863 1456 γενομένης
886 1368 940 1435 ἀπ’
969 1369 1122 1452 ἀλλήλων

110 1478 227 1563 διαστῇ
254 1479 295 1542 τά
321 1486 381 1542 τοῦ
409 1474 505 1563 ἀέρος
533 1476 666 1560 σώματα
693 1474 748 1540 καὶ
775 1479 894 1560 μείζων
915 1476 1010 1552 κενὸς
1032 1475 1122 1558 παρά

110 1585 214 1668 φύσιν
241 1582 375 1667 γένηται
402 1584 512 1664 τόπος,
539 1582 641 1646 πάλιν
663 1583 747 1667 πρὸς
769 1583 894 1665 ἀλληλα
917 1580 1121 1667 συντρέχειν·

110 1691 167 1754 διά
193 1691 257 1774 γάρ
284 1697 344 1753 τοῦ
371 1696 470 1752 κενοῦ
497 1697 631 1771 ταχεῖαν
657 1690 812 1770 γίνεσθαι
837 1688 898 1771 τὴν
920 1689 1031 1775 φορὰν
1053 1697 1122 1764 τοῖς

110 1797 238 1880 σώμασι
256 1794 484 1878 <συμβαίνει>,
507 1795 648 1877 μηδενὸς
667 1793 913 1878 ἀνθισταμένου
930 1791 1014 1879 μηδὲ
1031 1793 1122 1859 ἀντι·
1136 1808 1164 1851 1⁵

109 1901 302 1988 κρούοντος,
333 1898 394 1976 έως
426 1898 468 1964 ἀν
499 1898 655 1982 ἀλληλοις
683 1903 880 1986 προσερείση
912 1903 952 1966 τὰ
981 1902 1122 1985 σώματα.

111 2007 170 2072 ε’ἀν
188 2001 251 2073 οὑν
273 2006 409 2090 ἀγγεῖον
431 2005 543 2090 λαβών
564 2028 614 2082 τις
636 2007 845 2090 κουφότατον
867 2004 922 2070 καλ
946 2007 1123 2092 σύστομον,

111 2112 272 2200 προσθεὶς
294 2122 340 2202 τῷ
364 2115 498 2197 στόματι
522 2111 683 2199 έκμυξήση
706 2113 766 2176 τὸν
788 2111 868 2198 ἀέρα
890 2112 946 2177 καὶ
969 2111 1048 2198 ἀφῇ,
1072 2113 1123 2178 ἐκ-

111 2222 374 2307 κρεμασθήσεται
388 2218 423 2284 ἐκ
437 2230 504 2284 τῶν
519 2217 655 2303 χειλέων
673 2220 710 2283 τὸ
729 2217 873 2303 ἀγγεῖον,
893 2217 1122 2304 ἐπισπωμένου

111 2336 172 2393 τοῦ
207 2336 307 2391 κενοῦ
338 2326 400 2409 τὴν
432 2326 537 2411 σάρκα
567 2326 650 2412 πρὸς
681 2326 718 2389 τὸ
752 2324 1033 2412 ἀναπληρωθῆναι
1064 2326 1123 2391 τὸν
1138 2343 1166 2383 2⁰

111 2431 302 2499 κενωθέντα
324 2435 440 2497 τόπον·
468 2433 551 2496 ὥστε
573 2430 609 2497 έκ
631 2431 753 2496 τούτου
781 2434 928 2518 φανερὸν
955 2429 1124 2517 γενέσθαι,

113 2539 164 2603 ὅτι
192 2540 320 2624 ἀθρους
346 2537 441 2614 κενὸς
467 2536 613 2623 ὑπῆρξεν
640 2536 677 2602 έν
703 2545 750 2625 τῷ
772 2537 893 2627 ἀγγείῳ
916 2542 1023 2616 τόπος.
1069 2536 1124 2604 καὶ

113 2646 220 2722 ἀλλως
243 2640 280 2708 δὲ
302 2653 401 2710 τοῦτο
429 2646 590 2729 φανερόν·
618 2645 658 2709 τά
685 2645 748 2730 γάρ
778 2647 906 2731 ίατρικά
934 2643 982 2732 βά
1008 2645 1125 2712 ὑέλινα

113 2753 194 2817 όντα
219 2748 275 2815 καὶ
303 2750 460 2834 σόστομα,
488 2749 568 2814 ὅταν
595 2750 782 2833 βούλωνται
808 2758 979 2838 πληρῶσαι
1006 2753 1124 2839 ὑγροῦ,

114 2856 349 2943 ἐκμυζήσαντες
372 2864 417 2943 τῷ
439 2858 574 2940 στόματι
592 2857 652 2921 τὸν
670 2855 707 2922 ἐν
726 2858 837 2935 αὑτοῖς
855 2857 936 2944 ἀέρα
953 2857 1009 2923 καλ
1027 2882 1124 2923 κατα·
1138 2873 1166 2914 25
1216 2915 1217 2922 ,
1296 2903 1298 2912 ,

113 2966 271 3048 λαβόντες
293 2964 330 3027 τὸ
354 2965 491 3046 στόμιον
513 2963 623 3028 αὐτῶν
646 2970 692 3050 τῷ
713 2963 862 3052 δακτύλῳ
881 2963 1124 3050 καταστρέφου-

187 3233 201 3280 1
221 3227 439 3282 ἀποικειοῦσθαι
454 3225 563 3298 AGT,:
582 3225 841 3292 ἀποκενοῦσθαιὺ,
859 3231 1004 3282 evacuatas
1021 3243 1075 3282 esse
1088 3225 1125 3281 Lx

115 3297 369 3368 ἀφομοιοῖσθαιΤ
441 3265 692 3368 3πιλοιῖσθαιΤυ
711 3295 828 3367 ουσαΤ,
902 3300 992 3350 θεῶν
1010 3313 1064 3352 om
1079 3296 1125 3368 Τ,,

116 3368 233 3441 com-T,
303 3371 397 3439 ξηροις
415 3384 467 3422 om.
483 3368 527 3440 T„
547 3367 664 3440 οοτι.,Τ
739 3372 772 3420 10
791 3335 1042 3423 ἀποκαθίστασθαι
1060 3337 1126 3423 Izi&-

46 3475 96 3488 Α
114 3440 191 3495 eard
202 3446 235 3495 47
250 3438 280 3494 in
293 3456 382 3511 marg.
394 3409 515 3494 etLaur
520 3412 564 3508 λλ,
575 3445 607 3493 13
623 3407 703 3510 (σδαι
717 3453 751 3491 ex
764 3457 810 3492 ται
823 3439 916 3529 corr.):
909 3438 1126 3496 Ηάποκαθίστα

157 3512 218 3568 ab
291 3517 324 3565 15
339 3513 486 3583 συμβαίνει
499 3510 558 3565 bL
578 3526 630 3564 om.
646 3524 665 3563 α
734 3513 767 3561 21
782 3508 963 3567 τοὺτουΑόῖι
982 3511 1127 3569 τοὺτωνΤ
