2608 3880
135 167 180 232 20
257 169 407 220 ΗΡΩΝΟΣ
425 164 691 225 ΔΛΕΞΑΝΔΡΕΩΣ
710 165 979 220 ΠΝΕΤΜΔΤΙΚΩΝ
998 167 1028 219 Δ.

132 332 195 414 τὴν
213 338 273 395 τοῦ
292 329 428 412 τεύχους
445 329 604 413 περιοχὴν
622 328 759 392 δύναιτο
778 325 821 391 ἀν
839 325 1026 393 διωσθέντα
1042 331 1147 394 τόπον

132 459 201 502 που
227 446 376 519 ποιῆσαι,
403 437 447 519 μὴ
473 435 680 520 ὑπάρχοντος
707 443 806 498 κενοῦ
833 454 938 510 τινος·
960 436 1044 501 ὥστε
1065 438 1148 501 κατὰ

132 541 259 627 μηδένα
287 545 411 627 τρόπον
437 544 737 628 προσεισκριθὴναί
757 564 788 605 τι
810 551 878 605 τῶν
900 539 993 618 έκτὸς
1015 543 1063 618 είς
1085 543 1147 625 τὴν

133 659 290 735 σφαῖραν,
315 647 373 713 έάν
390 649 434 732 μὴ
453 647 620 733 έκχωρὴση
639 671 671 712 τι
689 645 787 733 μέρος
804 656 864 713 τοῦ
884 646 921 712 έν
939 648 1021 734 αὐτῇ
1040 649 1147 735 ὑπόρ-

134 779 250 840 χοντος
276 756 439 840 πρότερον
465 753 575 839 ἀέρος,
603 759 693 839 είπερ
723 751 792 818 έστί
814 753 1069 838 πεπυκνωμένος
1091 753 1146 820 καί
1176 774 1190 815 ι

136 863 275 946 συνεχὴς
306 871 369 936 πᾶς
401 859 420 925 δ
451 861 565 941 τόπος,
597 859 642 934 ὡς
672 865 807 924 οῖονται.
834 857 889 923 καί
917 860 983 944 μὴν
1011 859 1069 925 έάν
1098 885 1148 937 τις

135 967 235 1054 έθέλη
252 968 312 1032 τὸν
331 969 462 1051 σίφωνα
480 965 593 1048 βαλὼν
611 965 658 1040 είς
677 965 713 1029 τὸ
733 967 836 1049 στόμα
855 965 1007 1050 έμφυσοῖν
1026 968 1073 1044 είς
1086 969 1148 1052 τὴν

135 1084 292 1160 σφαῖραν,
314 1075 400 1138 πολὺ
423 1082 668 1158 προσεισκρινεῖ
689 1081 829 1156 πνεῦμα,
849 1073 893 1156 μὴ
910 1073 1149 1159 ὑποχωρήσαν-

135 1205 192 1258 τος
214 1189 274 1245 τοῦ
296 1179 568 1265 προϋπάρχοντος
591 1177 627 1242 έν
650 1177 732 1263 αὐτὴ
757 1177 868 1263 ἀέρος·
892 1180 1014 1244 τούτου
1037 1176 1074 1244 δέ
1097 1179 1149 1245 ἀεὶ

135 1289 388 1372 συμβαίνοντος,
412 1296 525 1369 σαφῶς
548 1286 718 1349 δείκνυνται
741 1286 884 1368 συστολὴ
906 1284 1064 1370 γινομένη
1082 1298 1151 1352 τῶν
1164 1306 1191 1346 ιο

135 1395 353 1479 ὑπαρχόντων
368 1391 404 1458 έν
417 1402 456 1478 τὴ
472 1394 597 1478 σφαίρᾳ
611 1392 771 1476 σωμάτων
789 1393 837 1466 είς
850 1393 890 1456 τδι
903 1397 1152 1477 παρεμπεπλεγ-

135 1499 219 1585 μένα
254 1500 342 1565 κενοί.
373 1499 463 1584 παρά
494 1498 600 1582 φύσιν
632 1493 669 1561 δὲ
700 1497 720 1580 ὴ
753 1499 895 1580 συστολὴ
932 1501 1058 1581 γίνεται
1097 1501 1151 1564 διὰ

135 1608 198 1689 τὴν
225 1615 282 1689 τὴς
310 1607 498 1691 είσκρίσεως
527 1607 614 1687 βίαν.
642 1602 700 1668 έοίν
722 1627 772 1679 τις
795 1599 857 1668 οὖν
880 1603 1071 1688 έμφυσὴσας
1093 1604 1149 1670 καὶ

136 1710 215 1798 παρ’
248 1711 328 1776 αὐτὸ
351 1712 388 1775 τὸ
413 1712 516 1794 στόμα
538 1710 759 1796 προσαγαγὼν
781 1710 842 1793 τὴν
864 1720 957 1796 χεῖρα
980 1714 1152 1796 συντόμως

88 1803 92 1810 ’
138 1817 331 1903 έπιπωμάση
361 1824 407 1904 τῷ
430 1817 580 1904 δακτόλφ
603 1816 663 1880 τὸν
686 1819 827 1901 σίφωνα,
850 1827 941 1901 μενεῖ
962 1819 1070 1882 πάντα
1092 1819 1152 1882 τὸν
1166 1837 1193 1877 15

138 1927 263 2010 χρόνον
286 1921 548 2007 συνεσφιγμένος
571 1921 588 1987 ὁ
612 1921 675 2008 ἀὴρ
694 1921 731 1986 έν
749 1931 788 2008 τῇ
808 1925 946 2010 σφαίρᾳ·
970 1922 1028 1988 έάν
1046 1924 1087 1989 δέ
1102 1948 1152 2000 τις

138 2030 353 2116 ἀναπωμάση,
379 2030 481 2095 πάλιν
508 2027 600 2105 έκτὸς
627 2027 763 2114 ὁρμήσει
790 2029 871 2113 μετά
897 2053 932 2094 τε
959 2032 1074 2114 ψόφου
1096 2029 1152 2096 καὶ

139 2141 219 2221 βοὴς
242 2142 365 2221 πολλὴς
384 2136 401 2202 ὁ
424 2133 692 2222 προσεισκριθεὶς
711 2134 773 2220 ἀὴρ
793 2136 849 2200 διὰ
867 2136 904 2200 τὸ
922 2135 1151 2223 έκκρούεσθαι,

138 2245 290 2329 καθάπερ
324 2241 554 2329 προεθέμεθα,
588 2244 670 2306 κατά
699 2243 760 2324 τὴν
790 2231 849 2306 τοῦ
879 2243 1153 2328 προϋπάρχοντος

141 2349 238 2434 ἀέρος
270 2350 449 2432 διαστολὴν
487 2351 548 2432 τὴν
579 2350 660 2413 κατδι
687 2348 748 2431 τὴν
780 2347 934 2413 εὐτονίαν
965 2348 1154 2433 γινομένην.
1169 2370 1196 2410 εο
1292 2385 1296 2394 ·

141 2457 244 2520 πάλιν
271 2451 333 2520 οὖν
360 2454 418 2520 έάν
445 2479 495 2532 τις
523 2456 682 2539 βούληται
710 2455 769 2518 τὸν
796 2455 986 2540 ὑπάρχοντα
1014 2454 1094 2542 ἀέρα
1117 2456 1154 2521 έν

139 2571 180 2648 τῇ
205 2565 331 2648 σφαίρᾳ
353 2559 496 2639 ἐξέλκειν
518 2569 564 2648 τῷ
585 2563 720 2644 στόματι
739 2561 795 2625 διά
813 2570 873 2626 τοῦ
892 2565 1049 2646 σίφωνος,
1067 2566 1154 2629 πολὺ

140 2673 271 2752 πλῆθος
307 2667 586 2751 ἐπακολουθήσει,
620 2668 780 2752 μηδεμιᾶς
814 2668 915 2750 ἀλλης
954 2668 1068 2746 οὐσίας
1107 2671 1155 2746 είς

141 2775 203 2857 τὴν
231 2785 377 2859 σφαῖραν
408 2772 803 2858 ἀντικαταλλασσομένης,
833 2775 984 2860 καθάπερ
1014 2773 1067 2839 έπὶ
1094 2786 1155 2841 τοῦ

143 2879 212 2968 ᾠοῦ
238 2883 443 2966 προείρηται·
476 2881 558 2945 ὥστε
585 2882 641 2945 διδ
669 2889 729 2946 τοῦ
757 2881 912 2946 τοιούτου
934 2885 1066 2958 τελείως
1089 2883 1155 2947 δεί-
1171 2900 1196 2941 25

142 2993 288 3052 κνυσθαι
325 2987 471 3070 μεγάλην
506 2989 664 3073 ἄθροισιν
695 2996 795 3052 κενοῦ
826 2986 1006 3072 γινομένην
1044 2987 1080 3052 έν
1116 2998 1154 3075 τῇ
1206 3017 1209 3022 ·

134 3281 136 3286 .
216 3257 231 3304 3
250 3254 501 3321 προσεισκριθῆναι
520 3249 584 3305 GT:
607 3228 818 3320 προόὴριθὴναι
835 3249 868 3319 A,
888 3268 930 3304 εισ
949 3267 1033 3321 supra
1051 3267 1102 3305 scr.
1116 3251 1152 3323 Α,

181 3328 195 3376 7
220 3321 239 3376 f.
258 3323 351 3393 λαβὼν
441 3327 457 3375 8
480 3327 690 3392 προσεισκρινεῖ
708 3322 789 3375 Laur.
809 3326 856 3390 59,
872 3327 912 3376 17.
939 3327 984 3391 74,
1001 3327 1046 3391 13,
1075 3321 1153 3376 Leid.

144 3392 223 3447 VosS.
242 3399 289 3448 44:
314 3394 473 3448 intromittet
495 3393 529 3448 L:
553 3395 759 3462 προσεισκρίνει
781 3391 816 3446 T:
839 3394 1036 3465 προσεισκρίνη
1059 3391 1154 3448 ABG:

144 3463 363 3534 προεισκρίνηθ
439 3463 643 3518 9τοιοότουΤ
719 3469 753 3516 10
771 3463 948 3533 γενομένηΤ
1021 3469 1055 3518 16
1074 3481 1155 3519 συνε-

143 3533 303 3606 σφηγμένος
313 3535 387 3607 AG„
401 3552 467 3590 corr.
477 3534 567 3590 Diels:
581 3551 745 3605 compressus
754 3535 788 3589 L:
804 3533 1053 3607 συνεσφηνωμένος
1063 3534 1156 3609 [ὴΤὴ
