2598 3886
51 221 58 270 3
134 191 179 254 60
252 192 401 246 Ηνααοε
419 189 687 251 mmmm
706 153 1066 249 111111ν1ιι11111ο111.ι

135 355 239 439 άκρον
260 362 321 422 τοῦ,
344 356 406 418 ΓΔ
424 359 572 437 σωλῆνος
594 354 631 418 τὸ
655 354 737 439 πρὸς
759 363 805 440 τῷ
825 357 862 438 Γ,
886 351 986 420 οὐδὲν
1009 356 1143 421 διοίσει·
1202 381 1204 385 ·

136 460 317 544 εὔχρηστον
346 461 409 545 γάρ
441 465 567 544 μᾶλλον
598 461 724 541 γίνεται
751 461 834 546 πρὸς
863 461 900 525 τὸ
928 459 1075 538 εὐκόπως
1098 471 1143 550 τῷ

86 571 88 575 ’
136 566 286 652 δακτύλῳ
309 566 618 649 καταλαμβάνεσθαι
640 566 678 630 τὸ
701 568 846 650 στόμιον.

206 937 258 1020 Τῷ
292 931 329 999 δέ
361 935 449 1022 αὐτῷ
481 938 590 1023 τρόπῳ
619 935 654 1002 ἐκ
681 947 740 1002 τοῦ
770 937 873 1003 αὐτοῦ
902 943 1059 1025 σφαιρίον
1086 937 1141 1005 καλ
1169 954 1182 995 5

134 1041 266 1126 ψυχρὸν
297 1038 351 1104 καὶ
382 1041 512 1126 θερμὸν
541 1041 706 1128 προέσθαι
738 1045 883 1109 δυνατόν
918 1044 1025 1129 ἐστιν,
1063 1045 1144 1110 ὅσον

134 1146 395 1231 προαιρούμεθα.

200 1254 482 1332 Κατασκευάζεται
508 1255 572 1339 γάρ
599 1254 720 1338 ὁμοίως
743 1260 901 1342 σφαιρίον
922 1259 959 1322 τὸ
983 1262 1048 1322 ΑΒ
1072 1258 1143 1322 διά-

136 1381 271 1442 φραγμα
294 1361 372 1443 ἔχον
393 1358 495 1444 μέσον
517 1360 678 1446 ὀρθὸν
648 1385 685 1426 το
706 1365 767 1426 ΓΔ
789 1361 843 1427 καὶ
867 1364 1000 1429 άνωθεν
1023 1363 1144 1448 ὁμοίως

134 1470 266 1548 σωλῆνα
295 1465 355 1529 τὸν
382 1468 450 1528 ΕΖ
474 1463 736 1551 σνντετρημένον
757 1466 812 1531 καὶ
835 1467 1143 1552 σννεστεγνωμένον
1157 1487 1185 1527 1⁰

134 1576 179 1656 τῷ
217 1573 361 1658 σφαιρίφ
397 1567 453 1634 καὶ
489 1572 606 1653 ἔχοντα
641 1570 743 1654 μέσον
779 1572 970 1657 διάφραγμα
1005 1574 1043 1638 τὸ
1077 1576 1149 1638 ΓΗ

134 1671 269 1760 συνεχὲς
296 1683 341 1763 τῷ
370 1677 431 1740 ΓΔ
461 1676 697 1761 διαφράγματι·
726 1677 858 1742 ἄνωθεν
885 1672 923 1742 δὲ
951 1677 1143 1762 άνακαμιιάς

133 1779 230 1864 ἐχέτω
258 1783 316 1857 τάς
341 1785 383 1864 Θ,
405 1784 441 1844 Κ
461 1783 627 1867 φερούσας
650 1783 697 1859 είς
720 1780 873 1868 ἑκάτερον
896 1782 994 1869 μέρος
1016 1795 1083 1849 τῶν
1107 1783 1143 1849 ἐν

132 1895 179 1975 τῷ
202 1891 266 1951 ΕΖ
288 1899 412 1973 χωρῶν.
449 1886 501 1972 ἐφ’
529 1885 663 1974 ἑκάτερα
682 1884 718 1953 δὲ
736 1897 796 1954 τοῦ
816 1891 876 1953 ΓΔ
894 1889 1143 1975 διαφράγματος

75 2003 76 2006 ’
134 1985 285 2078 εἰλήφθω
318 1996 365 2070 είς
396 1995 433 2059 τὸ
462 1994 550 2058 κάτω
582 1993 680 2079 μέρος
711 2004 771 2060 τοῦ
801 1999 960 2080 σφαιρίον
989 2005 1048 2080 τοῦ
1077 2001 1142 2061 ΑΒ
1156 2015 1184 2057 1⁵

132 2100 216 2186 πρὸς
243 2108 288 2188 τῷ
315 2106 348 2165 Δ
374 2102 567 2186 τρυπήματα
594 2100 691 2184 ὅμοια
712 2112 780 2166 τῶν
803 2099 839 2166 έν
861 2111 930 2178 τοῖς
955 2106 1144 2188 τρονλλίοις

131 2216 202 2283 τοῖς
228 2217 429 2292 μαγειρικοῖς
452 2205 647 2291 γινομένων,
669 2207 841 2291 ἠθμοειδῆ.
878 2208 957 2272 ὅταν
980 2203 1042 2273 οὐν
1064 2210 1144 2290 βου-

134 2313 270 2396 λώμεθα
295 2314 424 2398 θερμὸν
451 2312 655 2398 άρύσασθαι,
682 2316 942 2398 καταλαβόμενοι
968 2324 1038 2390 τοῖς
1065 2312 1143 2379 δνσὶ

136 2472 193 2534 κάν
220 2472 380 2555 ἐπικαμπὲς
408 2473 440 2536 δὲ
462 2472 581 2556 γένηται
603 2475 635 2537 τὸ
657 2473 751 2556 άκρον
772 2486 825 2538 τοῦ
848 2480 906 2538 ΓΔ
928 2481 1074 2556 σωλῆνας,
1102 2474 1143 2549 ὡς

135 2560 268 2624 ἐνταῦθα
295 2562 350 2643 ἔχει
377 2561 396 2642 ἡ
423 2563 612 2644 καταγραφή,
640 2561 728 2627 οὐδὲν
755 2565 869 2626 διοίσει·
897 2568 1006 2644 μᾶλλον
1034 2562 1065 2625 δὲ
1092 2563 1142 2626 καὶ
1157 2581 1185 2622 εν

136 2650 360 2733 εὐχρηστότερον
392 2651 471 2712 ἔσται
501 2650 575 2732 πρὸς
606 2651 637 2713 τὸ
670 2652 793 2734 εὐχερῶς
824 2659 863 2738 τῷ
895 2653 1028 2739 δακτύλφ
1054 2677 1142 2714 κοιτα-

135 2739 386 2819 λαμβάνεσθαι
360 2763 392 2801 το
415 2740 543 2819 στόμιον.

203 2841 223 2888 a
248 2830 298 2906 60,
319 2831 457 2908 14-64‚
478 2823 596 2906 11ἐφ’
621 2826 740 2910 ἑκάτερα
768 2827 857 2891 δε.
872 2828 1058 2913 ,ἀμφότερα
1080 2831 1143 2911 ῥεῖν

136 2943 178 2966 =
201 2912 225 2977 l)
250 2920 300 2996 60,
319 2920 458 2994 24-64,
479 2920 534 2977 29:
561 2911 610 2994 ἐφ’
631 2916 766 3002 ἑκάτερον
789 2916 821 2979 δε
843 2928 896 2980 τοῦ
919 2922 976 2978 ΓΔ
999 2920 1143 3000 διαφράγ-

135 3028 226 3084 ματος
253 3004 380 3066 ἕστασαν
408 3006 450 3078 είς
478 3003 509 3067 τὸ
537 3005 614 3067 κάτω
642 3005 728 3088 μέρος
754 3012 815 3069 τοῦ
834 3008 975 3088 σφαιρίον
1003 3017 1055 3070 τοῦ
1082 3011 1142 3068 ΑΒ
1157 3023 1184 3064 25

134 3093 208 3175 πρὸς
240 3099 280 3179 τῷ
308 3100 336 3155 Δ
366 3093 539 3175 τρνπήματα
569 3095 672 3176 μικρά,
704 3090 752 3157 οἷα
782 3096 932 3158 κοσκίνου.
984 3094 1055 3156 ὅταν
1087 3087 1143 3156 οὐν

133 3157 312 3262 βονλάμέθα
339 3181 452 3264 θερμὸν
433 3180 661 3264 νάρύσασθαι,
688 3183 919 3264 καταλαβόμενοι
943 3189 984 3268 τῷ
1012 3182 1057 3245 ἔνι
1084 3193 1142 3246 τῶν

203 3405 421 3498 διτροέρθαιλι
441 3404 597 3498 πρέσθοιια
669 3404 782 3461 δεονΤε
801 3422 834 3460 ex
849 3404 902 3462 οσω
917 3422 985 3463 corr
996 3408 1034 3463 A:
1049 3405 1143 3462 δσωδι

167 3475 589 3566 11οφαιρίφ11ισφμιρίον11
648 3483 681 3530 16
700 3482 737 3549 τῷ
756 3476 867 3546 scripsi:
885 3477 961 3535 τδα.
994 3478 1027 3533 cf.
1042 3477 1091 3532 lin
1107 3484 1142 3533 26

167 3547 204 3601 ad
230 3547 313 3618 ὅμοια
336 3557 391 3603 τῶν
414 3543 462 3603 κτὲ
485 3547 519 3602 ef.
534 3537 635 3602 Ηέιοορ
650 3532 805 3602 Cheirobal.
820 3567 847 3619 p
863 3554 1010 3620 1111611
1030 3549 1134 3604 Wesch
