2598 3886
158 189 200 254 76
275 164 424 244 mox
442 187 706 248 ΑΛΕΞΑΝΔΡΕΩΣ
725 191 994 244 Παενιιαεικαα
1012 193 1044 246 A.

156 346 227 418 εἰτα
249 354 350 418 πάλιν
373 351 619 429 ἀνασπάσαντες
641 353 701 417 τὸν
725 355 797 416 Ψίλ
821 358 962 435 σαλῆνα,
986 353 1068 418 ὥστε
1086 359 1167 437 πλη-

158 465 309 544 ρωθῆναι
332 460 391 524 τὸν
413 463 511 524 Tro
534 464 666 542 σωλῆνα
688 457 795 544 ἀέρος,
813 460 915 525 πάλιν
932 458 1090 536 καθέντες
1108 461 1171 525 τὸν

162 568 236 629 ΨΩ
259 570 391 648 σωληνα
413 567 644 651 εἰσκρινοῦμεν
663 564 700 630 έν
717 574 755 650 τῇ
776 568 901 652 σφαίρᾳ
920 566 979 630 τὸν
993 564 1168 652 εἰρημένον

157 669 247 756 ἀέρα.
290 670 345 736 καί
376 681 475 737 τοῦτο
507 673 682 748 πλεονάκις
713 680 887 748 ποιοῦντες
918 670 1034 756 ἕξομεν
1065 671 1102 737 έν
1129 681 1167 758 τῇ

157 781 283 864 σφαίρᾳ
311 780 420 843 πολὺν
442 777 665 862 πεπιλημένον
687 776 780 863 ἀέρα·
804 779 854 844 ὅτι
878 780 941 863 γὰρ
965 778 983 844 ὁ
1006 779 1168 863 εἰσκρινά-
1195 761 1210 835 5

157 906 256 967 μενος
282 883 346 970 ἀὴρ
374 883 645 960 ἀνασπασθέντος
676 893 737 949 τοῦ
766 882 928 969 έμβολέως
951 883 992 949 οὐ
1014 878 1168 970 παρεξέρ-

157 988 262 1073 χἐται,
290 991 438 1076 φανερὸν
461 991 518 1055 θιά
539 991 577 1055 τὸ
600 991 637 1055 τὸ
661 991 808 1056 κλειὸίον
830 988 885 1056 ὑπ’
914 990 1017 1056 αὐτοῦ
1040 992 1168 1055 ἔσωθεν

157 1098 362 1181 θλιβόμενον
403 1096 666 1162 ἀποκεκλεῖσθαι.
721 1095 779 1162 έάν
815 1092 878 1162 οὖν
913 1095 1168 1182 ἀναστρέψωμεν

155 1202 259 1267 πάλιν
285 1202 322 1267 τὸ
351 1207 415 1266 ΡΣ
440 1204 655 1287 σαληνίάιον,
682 1204 764 1269 ὥστε
792 1204 899 1290 ὀρθὸν
926 1201 1083 1286 γενέσθαι
1112 1199 1167 1267 καί

156 1309 196 1372 τά
227 1312 420 1394 τρνπήματα
451 1311 637 1393 κατάλληλα
668 1318 814 1393 κεῖσθαι,
851 1312 924 1375 τότε
955 1309 1167 1391 ἀναπτυσθη-
1182 1328 1211 1366 1⁰

157 1431 248 1479 σεται
274 1416 312 1480 τὸ
340 1416 461 1502 ὑγρόν,
491 1426 552 1482 τοῦ
573 1415 798 1502 πεπιλημένον
820 1414 916 1502 ἀέρος
938 1415 1098 1500 χεομένον
1121 1417 1168 1491 εἰς

157 1521 217 1585 τὸν
251 1523 341 1587 ἰθιον
376 1524 479 1606 ὄγκον
513 1521 568 1587 καί
600 1526 780 1606 θλίβοντος
810 1524 847 1588 τὸ
880 1522 986 1607 ὑγρὸν
1017 1523 1054 1586 τὸ
1087 1521 1168 1586 ὑπο-

157 1629 318 1711 κείμενον.
359 1626 418 1692 έάν
441 1623 503 1693 οὖν
525 1632 649 1694 πλείων
671 1621 692 1715 ᾖ
715 1628 733 1694 ὁ
756 1627 975 1714 πεπιλημένος
1001 1627 1075 1713 ἀήρ,
1102 1636 1169 1691 πᾶν

158 1731 302 1811 ἐξελάσει
325 1735 362 1798 τὸ
386 1734 502 1820 ὑγρόν,
525 1735 607 1800 ὥστε
630 1733 685 1798 καί
704 1735 764 1799 τὸν
780 1734 1087 1820 ὑπερπλεονάζοντα
1105 1735 1169 1799 σὺν

157 1846 204 1925 τῷ
227 1839 320 1926 ὑγρῷ
344 1838 588 1926 έκκρονσθῆναι
609 1839 698 1926 ἀέρα.
1182 1859 1211 1898 15

635 2033 689 2100 XI.

230 2143 273 2206 To
302 2139 340 2207 δέ
366 2141 541 2229 εἰρημένον
569 2142 730 2229 ἀσσάριον
756 2144 1026 2222 κατασκευάζεται
1050 2143 1169 2219 οὕτως·

159 2248 221 2314 δύο
244 2252 386 2315 πλινθία
408 2250 677 2328 κατασκευάζεται
700 2251 819 2335 χάλκεα
841 2251 1030 2335 τετράγωνα
1052 2253 1169 2333 ἔχοντα

159 2352 299 2438 ἑκάστην
334 2357 482 2442 πλενράν
518 2357 562 2432 ὡς
598 2356 764 2421 δακτύλου
801 2353 891 2440 ἑνός,
926 2357 964 2421 τὸ
997 2355 1100 2440 πάχος
1131 2350 1169 2418 δὲ

160 2498 250 2560 σομεν
268 2481 320 2543 τὸν
340 2485 412 2543 ΨΩ
429 2488 557 2563 σωλῆνα,
575 2482 647 2544 ὥστε
665 2488 862 2564 πληρωθῆναι
879 2482 991 2558 ἔξωθεν
1009 2482 1062 2544 τὸν
1077 2484 1168 2542 Tm
1183 2496 1211 2536 2⁰

161 2574 279 2649 σωλῆνα
306 2569 406 2653 ἀέρος,
432 2572 482 2633 καί
509 2572 597 2632 πάλιν
623 2570 765 2646 καθέντες
791 2571 844 2634 τὸν
869 2574 938 2633 ΨΩ
966 2577 1083 2651 σωληνα
1110 2571 1168 2632 εἰσ-

161 2668 321 2739 κρινοῦμεν
352 2658 384 2721 έν
415 2669 450 2745 τῇ
478 2660 590 2745 σφαίρᾳ
616 2660 669 2722 τὸν
696 2659 851 2743 εἰρημένον
878 2659 957 2742 ἀέρα.
1006 2659 1056 2722 καὶ
1082 2668 1168 2721 τοῦτο

161 2748 317 2821 πλεονάκις
338 2759 494 2823 ποιοῦντες
516 2747 619 2829 ἕξομεν
642 2747 675 2810 έν
697 2759 732 2835 τῇ
751 2750 863 2834 σφαίρᾳ
880 2749 976 2811 πολὺν
994 2747 1065 2827 ἀέρα
1082 2770 1169 2809 πεπι-

161 2833 301 2915 λημένον·
334 2836 378 2898 ὅτι
409 2835 464 2919 γάρ
497 2835 512 2899 ὁ
545 2838 762 2919 εἰσκρινόμενος
789 2836 846 2919 ἀὴρ
874 2835 1088 2917 ἀνασπωμένον
1116 2845 1168 2898 τοῦ

160 2922 306 3004 ἐμβολίοις
328 2924 365 2988 οὐ
389 2924 599 3008 παρεξέρχεται,
622 2926 754 3008 φανερὸν
777 2926 826 2987 διὰ
848 2925 881 2988 τὸ
899 2925 931 2986 τὸ
950 2927 1079 2988 κλειάίον
1097 2925 1167 2988 έσω-
1182 2938 1210 2978 25

160 3020 219 3075 θεν
242 3011 296 3094 μὲν
317 3014 499 3096 θλιβόμενον
521 3013 705 3097 ἀνοίγεσθαι,
727 3014 839 3090 έξοιθεν
862 3012 894 3076 δὲ
916 3014 1073 3076 κλείεσθαι.
1115 3013 1172 3075 {ew

162 3101 200 3180 δὴ
223 3100 452 3185 ἀναστρέψωμεν
475 3103 507 3166 τὸ
530 3108 587 3164 ΡΣ
607 3104 794 3183 σωληνίάιον,
819 3103 890 3165 ὥστε
912 3101 1007 3185 ὀρθὸν
1030 3102 1169 3186 γενέσθαι
1227 3145 1228 3150 1

161 3191 212 3254 καὶ
234 3191 269 3252 τά
292 3193 465 3274 τραπηματα
486 3193 649 3272 κατάλληλα
670 3198 804 3272 κεῖσθαι,
826 3193 889 3255 τότε
911 3191 1168 3272 ἀναπτνσθήσεται

161 3280 194 3343 τὸ
222 3279 328 3362 ὑγράν,
356 3292 409 3344 τοῦ
436 3279 635 3361 πεπιλημένον
663 3279 748 3363 ἀέρος
774 3280 914 3362 χεομένον
942 3283 984 3356 εἰς
1011 3281 1063 3344 τὸν
1090 3283 1168 3343 ἴδιον

162 3367 251 3450 ἀγκον
269 3369 319 3432 καὶ
336 3371 496 3451 θλίβοντος
514 3369 546 3432 τὸ
565 3370 761 3450 ὑποκείμενον
779 3369 878 3451 ὑγρόν.
914 3370 966 3432 έάν
986 3363 1042 3432 οὖν
1060 3371 1168 3432 πλείων
1181 3382 1209 3422 ³⁰

160 3446 179 3544 ᾖ
210 3456 225 3520 ὁ
251 3459 446 3540 πεπιλημένος
468 3458 541 3540 ἀήρ,
568 3469 628 3520 πᾶν
650 3458 774 3532 ἐξελάσει
796 3457 828 3518 τὸ
851 3457 958 3541 ὑγρόν,
985 3458 1128 3521 ὥστεκαὶ
1152 3455 1168 3520 ὁ

161 3547 403 3629 ὑπερπλεονάζων
427 3547 483 3631 ἀὴρ
507 3548 562 3608 σὺν
585 3553 625 3632 τῷ
649 3547 729 3630 ὑγρῷ
751 3545 1008 3628 έκκρονσθήσεται.
