<?xml version="1.0" encoding="UTF-8"?>
<!DOCTYPE html PUBLIC "-//W3C//DTD XHTML 1.0 Transitional//EN"
    "http://www.w3.org/TR/xhtml1/DTD/xhtml1-transitional.dtd">
<html xmlns="http://www.w3.org/1999/xhtml" xml:lang="en" lang="en">
 <head>
  <title>
</title>
<meta http-equiv="Content-Type" content="text/html;charset=utf-8" />
  <meta name='ocr-system' content='tesseract 3.04.00' />
  <meta name='ocr-capabilities' content='ocr_page ocr_carea ocr_par ocr_line ocrx_word'/>
</head>
<body>
  <div class='ocr_page' id='page_1' title='image "./heronisalexandr01schogoog_0181.png"; bbox 0 0 2598 3886; ppageno 0'>
   <div class='ocr_carea' id='block_1_1' title="bbox 144 157 1035 227">
    <p class='ocr_par' dir='ltr' id='par_1_1' title="bbox 144 157 1035 227">
     <span class='ocr_line' id='line_1_1' title="bbox 144 157 1035 227; baseline -0.002 -9"><span class='ocrx_word' id='word_1_1' title='bbox 144 163 206 227; x_wconf 88' lang='grc'><em>106</em></span> <span class='ocrx_word' id='word_1_2' title='bbox 261 157 412 218; x_wconf 81' lang='grc' dir='ltr'><strong>ΗΡΩΝΟΣ</strong></span> <span class='ocrx_word' id='word_1_3' title='bbox 431 161 696 222; x_wconf 77' lang='grc' dir='ltr'>ΔΛΕΞΔΝΔΡΕΩΣ</span> <span class='ocrx_word' id='word_1_4' title='bbox 715 163 984 216; x_wconf 80' lang='grc' dir='ltr'>ΠΝΕΤΜΔΤΙΚΩΝ</span> <span class='ocrx_word' id='word_1_5' title='bbox 1003 163 1035 216; x_wconf 85' lang='grc' dir='ltr'><em>Δ.</em></span> 
     </span>
    </p>
   </div>
   <div class='ocr_carea' id='block_1_2' title="bbox 87 319 1196 2111">
    <p class='ocr_par' dir='ltr' id='par_1_2' title="bbox 87 319 1196 2111">
     <span class='ocr_line' id='line_1_2' title="bbox 141 319 1155 410; baseline -0.001 -21"><span class='ocrx_word' id='word_1_6' title='bbox 141 329 214 390; x_wconf 89' lang='grc' dir='ltr'><em>τότε</em></span> <span class='ocrx_word' id='word_1_7' title='bbox 246 328 499 410; x_wconf 73' lang='grc' dir='ltr'><strong><em>πληρωθήσεται</em></strong></span> <span class='ocrx_word' id='word_1_8' title='bbox 531 327 569 391; x_wconf 91' lang='grc' dir='ltr'><em>τὸ</em></span> <span class='ocrx_word' id='word_1_9' title='bbox 604 328 669 389; x_wconf 89' lang='grc' dir='ltr'><em>ΑΒ</em></span> <span class='ocrx_word' id='word_1_10' title='bbox 704 324 846 407; x_wconf 77' lang='grc' dir='ltr'><em>ἀγγεῖον.</em></span> <span class='ocrx_word' id='word_1_11' title='bbox 902 322 1065 409; x_wconf 81' lang='grc' dir='ltr'><em>έγχέωμεν</em></span> <span class='ocrx_word' id='word_1_12' title='bbox 1092 319 1155 389; x_wconf 81' lang='grc' dir='ltr'><em>οὖν</em></span> 
     </span>
     <span class='ocr_line' id='line_1_3' title="bbox 141 430 1155 517; baseline -0.001 -21"><span class='ocrx_word' id='word_1_13' title='bbox 141 430 196 496; x_wconf 81' lang='grc' dir='ltr'><em>καὶ</em></span> <span class='ocrx_word' id='word_1_14' title='bbox 220 434 266 508; x_wconf 88' lang='grc' dir='ltr'><em>είς</em></span> <span class='ocrx_word' id='word_1_15' title='bbox 293 434 355 516; x_wconf 87' lang='grc' dir='ltr'><em>τῆν</em></span> <span class='ocrx_word' id='word_1_16' title='bbox 382 431 528 506; x_wconf 74' lang='grc' dir='ltr'><em>ΜΝΞΟ</em></span> <span class='ocrx_word' id='word_1_17' title='bbox 555 432 654 516; x_wconf 85' lang='grc' dir='ltr'><em>βάσιν</em></span> <span class='ocrx_word' id='word_1_18' title='bbox 683 430 738 496; x_wconf 81' lang='grc' dir='ltr'><em>καὶ</em></span> <span class='ocrx_word' id='word_1_19' title='bbox 765 433 812 506; x_wconf 83' lang='grc' dir='ltr'><em>είς</em></span> <span class='ocrx_word' id='word_1_20' title='bbox 839 432 899 495; x_wconf 91' lang='grc' dir='ltr'><em>τὸν</em></span> <span class='ocrx_word' id='word_1_21' title='bbox 921 434 991 494; x_wconf 90' lang='grc' dir='ltr'><em>ΠΡ</em></span> <span class='ocrx_word' id='word_1_22' title='bbox 1008 441 1155 517; x_wconf 90' lang='grc' dir='ltr'><em>κρατῆρα</em></span> 
     </span>
     <span class='ocr_line' id='line_1_4' title="bbox 141 531 1154 622; baseline 0 -20"><span class='ocrx_word' id='word_1_23' title='bbox 141 539 201 602; x_wconf 91' lang='grc' dir='ltr'><em>τὸν</em></span> <span class='ocrx_word' id='word_1_24' title='bbox 217 531 328 621; x_wconf 83' lang='grc' dir='ltr'><em>οἶνον,</em></span> <span class='ocrx_word' id='word_1_25' title='bbox 351 539 433 603; x_wconf 80' lang='grc' dir='ltr'><strong><em>ὥστε</em></strong></span> <span class='ocrx_word' id='word_1_26' title='bbox 456 541 564 622; x_wconf 89' lang='grc' dir='ltr'><em>πλῆρη</em></span> <span class='ocrx_word' id='word_1_27' title='bbox 588 531 673 602; x_wconf 84' lang='grc' dir='ltr'><em>εἶναι</em></span> <span class='ocrx_word' id='word_1_28' title='bbox 691 537 750 600; x_wconf 93' lang='grc' dir='ltr'><em>τὸν</em></span> <span class='ocrx_word' id='word_1_29' title='bbox 769 540 841 600; x_wconf 91' lang='grc' dir='ltr'><em>ΠΡ</em></span> <span class='ocrx_word' id='word_1_30' title='bbox 854 545 1001 621; x_wconf 91' lang='grc' dir='ltr'><em>κρατῆρα</em></span> <span class='ocrx_word' id='word_1_31' title='bbox 1020 535 1075 602; x_wconf 81' lang='grc' dir='ltr'><em>καὶ</em></span> <span class='ocrx_word' id='word_1_32' title='bbox 1093 538 1154 620; x_wconf 84' lang='grc' dir='ltr'><em>τῆν</em></span> 
     </span>
     <span class='ocr_line' id='line_1_5' title="bbox 145 643 1154 730; baseline 0 -22"><span class='ocrx_word' id='word_1_33' title='bbox 145 643 286 718; x_wconf 77' lang='grc' dir='ltr'><em>ΜΝΞΟ</em></span> <span class='ocrx_word' id='word_1_34' title='bbox 313 645 413 729; x_wconf 83' lang='grc' dir='ltr'><em>βάσιν</em></span> <span class='ocrx_word' id='word_1_35' title='bbox 435 649 673 730; x_wconf 78' lang='grc' dir='ltr'><em>πεπληρῶσθαι</em></span> <span class='ocrx_word' id='word_1_36' title='bbox 697 645 773 729; x_wconf 85' lang='grc' dir='ltr'><em>ἀχρι</em></span> <span class='ocrx_word' id='word_1_37' title='bbox 794 651 856 707; x_wconf 88' lang='grc' dir='ltr'><em>τοῦ</em></span> <span class='ocrx_word' id='word_1_38' title='bbox 882 647 910 706; x_wconf 82' lang='grc' dir='ltr'>Θ</span> <span class='ocrx_word' id='word_1_39' title='bbox 933 646 1071 727; x_wconf 87' lang='grc' dir='ltr'><em>στομίου</em></span> <span class='ocrx_word' id='word_1_40' title='bbox 1092 653 1154 708; x_wconf 89' lang='grc' dir='ltr'><em>τοῦ</em></span> 
     </span>
     <span class='ocr_line' id='line_1_6' title="bbox 141 747 1196 835; baseline 0 -21"><span class='ocrx_word' id='word_1_41' title='bbox 141 757 296 835; x_wconf 84' lang='grc' dir='ltr'><em>σωλῆνος.</em></span> <span class='ocrx_word' id='word_1_42' title='bbox 342 751 462 816; x_wconf 86' lang='grc' dir='ltr'><strong><em>τούτου</em></strong></span> <span class='ocrx_word' id='word_1_43' title='bbox 486 747 523 814; x_wconf 72' lang='grc' dir='ltr'><em>δὲ</em></span> <span class='ocrx_word' id='word_1_44' title='bbox 541 748 723 834; x_wconf 80' lang='grc' dir='ltr'><strong><em>γενομένου</em></strong></span> <span class='ocrx_word' id='word_1_45' title='bbox 744 747 801 814; x_wconf 87' lang='grc' dir='ltr'><em>καὶ</em></span> <span class='ocrx_word' id='word_1_46' title='bbox 824 747 1009 834; x_wconf 82' lang='grc' dir='ltr'><em>φραγέντος</em></span> <span class='ocrx_word' id='word_1_47' title='bbox 1030 759 1091 814; x_wconf 86' lang='grc' dir='ltr'><em>τοῦ</em></span> <span class='ocrx_word' id='word_1_48' title='bbox 1114 755 1154 834; x_wconf 77' lang='grc' dir='ltr'><em>Ε,</em></span> <span class='ocrx_word' id='word_1_49' title='bbox 1183 769 1196 808; x_wconf 86' lang='lat'><strong>5</strong></span> 
     </span>
     <span class='ocr_line' id='line_1_7' title="bbox 141 855 1154 943; baseline 0.001 -23"><span class='ocrx_word' id='word_1_50' title='bbox 141 855 182 920; x_wconf 89' lang='grc' dir='ltr'><em>οὐ</em></span> <span class='ocrx_word' id='word_1_51' title='bbox 205 857 357 941; x_wconf 83' lang='grc' dir='ltr'><em>&lt;ῥεύσει&gt;</em></span> <span class='ocrx_word' id='word_1_52' title='bbox 381 859 436 922; x_wconf 75' lang='grc' dir='ltr'><em>διὰ</em></span> <span class='ocrx_word' id='word_1_53' title='bbox 459 866 520 922; x_wconf 88' lang='grc' dir='ltr'><em>τοῦ</em></span> <span class='ocrx_word' id='word_1_54' title='bbox 537 859 572 920; x_wconf 86' lang='grc' dir='ltr'><em>Κ</em></span> <span class='ocrx_word' id='word_1_55' title='bbox 577 861 607 920; x_wconf 92' lang='grc' dir='ltr'><em>Λ</em></span> <span class='ocrx_word' id='word_1_56' title='bbox 626 862 773 940; x_wconf 86' lang='grc' dir='ltr'><em>σωλῆνος</em></span> <span class='ocrx_word' id='word_1_57' title='bbox 791 855 809 920; x_wconf 86' lang='grc' dir='ltr'>ὁ</span> <span class='ocrx_word' id='word_1_58' title='bbox 825 855 866 920; x_wconf 79' lang='grc' dir='ltr'><em>Ιέν</em></span> <span class='ocrx_word' id='word_1_59' title='bbox 884 864 929 942; x_wconf 74' lang='grc' dir='ltr'><em>τῷ</em></span> <span class='ocrx_word' id='word_1_60' title='bbox 949 859 1014 920; x_wconf 88' lang='lat' dir='ltr'><em>AB</em></span> <span class='ocrx_word' id='word_1_61' title='bbox 1033 855 1154 943; x_wconf 78' lang='grc' dir='ltr'><em>ἀγγείῳ</em></span> 
     </span>
     <span class='ocr_line' id='line_1_8' title="bbox 141 957 1155 1048; baseline 0.002 -23"><span class='ocrx_word' id='word_1_62' title='bbox 141 957 234 1038; x_wconf 83' lang='grc' dir='ltr'><em>οἶνος</em></span> <span class='ocrx_word' id='word_1_63' title='bbox 256 964 312 1027; x_wconf 75' lang='grc' dir='ltr'><em>διὰ</em></span> <span class='ocrx_word' id='word_1_64' title='bbox 335 965 371 1028; x_wconf 89' lang='grc' dir='ltr'><em>τὸ</em></span> <span class='ocrx_word' id='word_1_65' title='bbox 395 964 438 1047; x_wconf 86' lang='grc' dir='ltr'><em>μῆ</em></span> <span class='ocrx_word' id='word_1_66' title='bbox 462 965 550 1047; x_wconf 80' lang='grc' dir='ltr'><em>ἔχειν</em></span> <span class='ocrx_word' id='word_1_67' title='bbox 574 964 620 1038; x_wconf 89' lang='grc' dir='ltr'><em>είς</em></span> <span class='ocrx_word' id='word_1_68' title='bbox 642 963 702 1026; x_wconf 93' lang='grc' dir='ltr'><em>τὸν</em></span> <span class='ocrx_word' id='word_1_69' title='bbox 723 963 927 1046; x_wconf 83' lang='grc' dir='ltr'><strong><em>κενούμενον</em></strong></span> <span class='ocrx_word' id='word_1_70' title='bbox 948 965 1052 1027; x_wconf 86' lang='grc' dir='ltr'><strong><em>τόπον</em></strong></span> <span class='ocrx_word' id='word_1_71' title='bbox 1074 962 1155 1048; x_wconf 89' lang='grc' dir='ltr'><em>ἀέρα</em></span> 
     </span>
     <span class='ocr_line' id='line_1_9' title="bbox 140 1063 1154 1155; baseline 0.001 -23"><span class='ocrx_word' id='word_1_72' title='bbox 140 1068 414 1152; x_wconf 89' lang='grc' dir='ltr'><em>ἀντικαταστῆναι</em></span> <span class='ocrx_word' id='word_1_73' title='bbox 443 1071 559 1134; x_wconf 87' lang='grc' dir='ltr'><strong><em>ἀλλον·</em></strong></span> <span class='ocrx_word' id='word_1_74' title='bbox 590 1063 633 1152; x_wconf 79' lang='grc' dir='ltr'><em>ἦν</em></span> <span class='ocrx_word' id='word_1_75' title='bbox 662 1071 725 1154; x_wconf 79' lang='grc' dir='ltr'><em>γὰρ</em></span> <span class='ocrx_word' id='word_1_76' title='bbox 756 1068 844 1155; x_wconf 79' lang='grc' dir='ltr'><em>αὐτῷ</em></span> <span class='ocrx_word' id='word_1_77' title='bbox 872 1068 893 1151; x_wconf 82' lang='grc' dir='ltr'>ἡ</span> <span class='ocrx_word' id='word_1_78' title='bbox 917 1074 1076 1153; x_wconf 86' lang='grc' dir='ltr'><em>είσκρισις</em></span> <span class='ocrx_word' id='word_1_79' title='bbox 1098 1070 1154 1133; x_wconf 75' lang='grc' dir='ltr'><em>διὰ</em></span> 
     </span>
     <span class='ocr_line' id='line_1_10' title="bbox 140 1170 1154 1261; baseline 0.002 -23"><span class='ocrx_word' id='word_1_80' title='bbox 140 1184 202 1238; x_wconf 86' lang='grc' dir='ltr'><em>τοῦ</em></span> <span class='ocrx_word' id='word_1_81' title='bbox 216 1179 248 1238; x_wconf 87' lang='grc' dir='ltr'><em>Ε</em></span> <span class='ocrx_word' id='word_1_82' title='bbox 268 1178 413 1259; x_wconf 86' lang='grc' dir='ltr'><strong><em>στομίου.</em></strong></span> <span class='ocrx_word' id='word_1_83' title='bbox 460 1175 539 1240; x_wconf 86' lang='grc' dir='ltr'><em>ὅταν</em></span> <span class='ocrx_word' id='word_1_84' title='bbox 558 1170 620 1240; x_wconf 87' lang='grc' dir='ltr'><em>οὖν</em></span> <span class='ocrx_word' id='word_1_85' title='bbox 638 1175 886 1259; x_wconf 70' lang='grc' dir='ltr'><em>ἀπαρυσώμεθα</em></span> <span class='ocrx_word' id='word_1_86' title='bbox 905 1173 940 1239; x_wconf 79' lang='grc' dir='ltr'><em>ἐκ</em></span> <span class='ocrx_word' id='word_1_87' title='bbox 958 1184 1018 1239; x_wconf 85' lang='grc' dir='ltr'><em>τοῦ</em></span> <span class='ocrx_word' id='word_1_88' title='bbox 1036 1185 1154 1261; x_wconf 87' lang='grc' dir='ltr'><em>κρατῆ-</em></span> 
     </span>
     <span class='ocr_line' id='line_1_11' title="bbox 142 1276 1195 1367; baseline -0.004 -23"><span class='ocrx_word' id='word_1_89' title='bbox 142 1304 200 1364; x_wconf 87' lang='grc' dir='ltr'><em>ρος</em></span> <span class='ocrx_word' id='word_1_90' title='bbox 229 1276 337 1364; x_wconf 77' lang='grc' dir='ltr'><em>οἷνον,</em></span> <span class='ocrx_word' id='word_1_91' title='bbox 370 1280 683 1366; x_wconf 72' lang='grc' dir='ltr'><em>ἀναστομωθῆσεται</em></span> <span class='ocrx_word' id='word_1_92' title='bbox 705 1281 743 1346; x_wconf 82' lang='grc' dir='ltr'><em>τὸ</em></span> <span class='ocrx_word' id='word_1_93' title='bbox 766 1285 798 1344; x_wconf 88' lang='grc' dir='ltr'><em>Ε</em></span> <span class='ocrx_word' id='word_1_94' title='bbox 819 1284 971 1365; x_wconf 73' lang='grc' dir='ltr'><em>στόμιον,</em></span> <span class='ocrx_word' id='word_1_95' title='bbox 995 1279 1050 1345; x_wconf 79' lang='grc' dir='ltr'><em>καὶ</em></span> <span class='ocrx_word' id='word_1_96' title='bbox 1072 1303 1153 1367; x_wconf 90' lang='grc' dir='ltr'><em>παρ-</em></span> <span class='ocrx_word' id='word_1_97' title='bbox 1168 1303 1195 1341; x_wconf 84' lang='lat'><em>10</em></span> 
     </span>
     <span class='ocr_line' id='line_1_12' title="bbox 141 1382 1154 1474; baseline 0.001 -23"><span class='ocrx_word' id='word_1_98' title='bbox 141 1388 291 1452; x_wconf 79' lang='grc' dir='ltr'><em>είσὸυσιν</em></span> <span class='ocrx_word' id='word_1_99' title='bbox 322 1391 483 1473; x_wconf 76' lang='grc' dir='ltr'><strong><em>λαβόντος</em></strong></span> <span class='ocrx_word' id='word_1_100' title='bbox 518 1397 579 1455; x_wconf 86' lang='grc' dir='ltr'><em>τοῦ</em></span> <span class='ocrx_word' id='word_1_101' title='bbox 612 1387 709 1474; x_wconf 80' lang='grc' dir='ltr'><em>ἀέρος</em></span> <span class='ocrx_word' id='word_1_102' title='bbox 743 1388 844 1452; x_wconf 90' lang='grc' dir='ltr'><em>πάλιν</em></span> <span class='ocrx_word' id='word_1_103' title='bbox 877 1387 987 1473; x_wconf 79' lang='grc' dir='ltr'><em>ῥεύσει</em></span> <span class='ocrx_word' id='word_1_104' title='bbox 1017 1388 1034 1453; x_wconf 83' lang='grc' dir='ltr'>ὁ</span> <span class='ocrx_word' id='word_1_105' title='bbox 1063 1382 1154 1465; x_wconf 82' lang='grc' dir='ltr'><em>οἶνος</em></span> 
     </span>
     <span class='ocr_line' id='line_1_13' title="bbox 119 1493 1154 1580; baseline 0.004 -24"><span class='ocrx_word' id='word_1_106' title='bbox 119 1552 120 1555; x_wconf 73' lang='grc'>,</span> <span class='ocrx_word' id='word_1_107' title='bbox 141 1500 188 1569; x_wconf 88' lang='grc' dir='ltr'><em>είς</em></span> <span class='ocrx_word' id='word_1_108' title='bbox 206 1518 240 1559; x_wconf 88' lang='grc' dir='ltr'><em>τε</em></span> <span class='ocrx_word' id='word_1_109' title='bbox 262 1496 323 1577; x_wconf 84' lang='grc' dir='ltr'><em>τῆν</em></span> <span class='ocrx_word' id='word_1_110' title='bbox 341 1496 440 1579; x_wconf 84' lang='grc' dir='ltr'><em>βάσιν</em></span> <span class='ocrx_word' id='word_1_111' title='bbox 461 1493 516 1559; x_wconf 78' lang='grc' dir='ltr'><em>καὶ</em></span> <span class='ocrx_word' id='word_1_112' title='bbox 539 1497 599 1560; x_wconf 91' lang='grc' dir='ltr'><em>τὸν</em></span> <span class='ocrx_word' id='word_1_113' title='bbox 622 1498 691 1558; x_wconf 91' lang='grc' dir='ltr'><em>ΠΡ</em></span> <span class='ocrx_word' id='word_1_114' title='bbox 709 1503 868 1580; x_wconf 73' lang='grc' dir='ltr'><em>κρατῆρα,</em></span> <span class='ocrx_word' id='word_1_115' title='bbox 892 1495 986 1580; x_wconf 86' lang='grc' dir='ltr'><em>ἀχρις</em></span> <span class='ocrx_word' id='word_1_116' title='bbox 1009 1493 1051 1559; x_wconf 89' lang='grc' dir='ltr'><em>ἀν</em></span> <span class='ocrx_word' id='word_1_117' title='bbox 1073 1496 1154 1578; x_wconf 85' lang='grc' dir='ltr'><em>πλῆ-</em></span> 
     </span>
     <span class='ocr_line' id='line_1_14' title="bbox 87 1599 1154 1685; baseline 0.002 -22"><span class='ocrx_word' id='word_1_118' title='bbox 87 1618 127 1655; x_wconf 71' lang='grc'><em>174</em></span> <span class='ocrx_word' id='word_1_119' title='bbox 141 1623 200 1685; x_wconf 88' lang='grc' dir='ltr'><em>ρης</em></span> <span class='ocrx_word' id='word_1_120' title='bbox 232 1599 374 1683; x_wconf 79' lang='grc' dir='ltr'><em>γένηται.</em></span> <span class='ocrx_word' id='word_1_121' title='bbox 423 1600 478 1665; x_wconf 81' lang='grc' dir='ltr'><em>καὶ</em></span> <span class='ocrx_word' id='word_1_122' title='bbox 510 1610 608 1666; x_wconf 86' lang='grc' dir='ltr'><strong><em>τοῦτο</em></strong></span> <span class='ocrx_word' id='word_1_123' title='bbox 637 1603 743 1683; x_wconf 77' lang='grc' dir='ltr'><em>ἔσται,</em></span> <span class='ocrx_word' id='word_1_124' title='bbox 770 1601 774 1684; x_wconf 68' lang='grc' dir='ltr'><strong><em>λ</em></strong></span> <span class='ocrx_word' id='word_1_125' title='bbox 799 1599 912 1676; x_wconf 88' lang='grc' dir='ltr'><em>ὁσάκις</em></span> <span class='ocrx_word' id='word_1_126' title='bbox 940 1599 998 1664; x_wconf 86' lang='grc' dir='ltr'><em>έάν</em></span> <span class='ocrx_word' id='word_1_127' title='bbox 1025 1599 1154 1685; x_wconf 80' lang='grc' dir='ltr'><em>ἀρυσά-</em></span> 
     </span>
     <span class='ocr_line' id='line_1_15' title="bbox 140 1701 1153 1793; baseline 0.001 -23"><span class='ocrx_word' id='word_1_128' title='bbox 140 1713 227 1790; x_wconf 73' lang='grc' dir='ltr'><strong><em>μεθα</em></strong></span> <span class='ocrx_word' id='word_1_129' title='bbox 262 1705 297 1771; x_wconf 89' lang='grc' dir='ltr'><em>έκ</em></span> <span class='ocrx_word' id='word_1_130' title='bbox 329 1716 390 1771; x_wconf 87' lang='grc' dir='ltr'><em>τοῦ</em></span> <span class='ocrx_word' id='word_1_131' title='bbox 421 1716 583 1793; x_wconf 77' lang='grc' dir='ltr'><em>κρατῆρος</em></span> <span class='ocrx_word' id='word_1_132' title='bbox 619 1701 722 1771; x_wconf 82' lang='grc' dir='ltr'><strong><em>οἶνον.</em></strong></span> <span class='ocrx_word' id='word_1_133' title='bbox 777 1707 886 1788; x_wconf 77' lang='grc' dir='ltr'><em>ὃεῆσει</em></span> <span class='ocrx_word' id='word_1_134' title='bbox 926 1702 962 1771; x_wconf 75' lang='grc' dir='ltr'><em>δέ</em></span> <span class='ocrx_word' id='word_1_135' title='bbox 998 1704 1053 1771; x_wconf 86' lang='grc' dir='ltr'><em>καὶ</em></span> <span class='ocrx_word' id='word_1_136' title='bbox 1090 1708 1153 1789; x_wconf 84' lang='grc' dir='ltr'><em>τῆν</em></span> 
     </span>
     <span class='ocr_line' id='line_1_16' title="bbox 140 1811 1193 1900; baseline -0.005 -24"><span class='ocrx_word' id='word_1_137' title='bbox 140 1811 285 1885; x_wconf 78' lang='grc' dir='ltr'><em>ΜΝΞΟ</em></span> <span class='ocrx_word' id='word_1_138' title='bbox 322 1814 421 1897; x_wconf 84' lang='grc' dir='ltr'><em>βάσιν</em></span> <span class='ocrx_word' id='word_1_139' title='bbox 452 1818 630 1897; x_wconf 71' lang='grc' dir='ltr'><em>τετρῆσθαι</em></span> <span class='ocrx_word' id='word_1_140' title='bbox 662 1814 828 1899; x_wconf 79' lang='grc' dir='ltr'><em>τρηματίῳ</em></span> <span class='ocrx_word' id='word_1_141' title='bbox 860 1820 907 1900; x_wconf 73' lang='grc' dir='ltr'><em>τῷ</em></span> <span class='ocrx_word' id='word_1_142' title='bbox 944 1818 973 1876; x_wconf 70' lang='lat' dir='ltr'><em>Y</em></span> <span class='ocrx_word' id='word_1_143' title='bbox 1000 1813 1083 1898; x_wconf 92' lang='grc' dir='ltr'><em>πρὸς</em></span> <span class='ocrx_word' id='word_1_144' title='bbox 1114 1815 1151 1878; x_wconf 86' lang='grc' dir='ltr'><em>τὸ</em></span> <span class='ocrx_word' id='word_1_145' title='bbox 1167 1833 1193 1872; x_wconf 86' lang='lat'><em>15</em></span> 
     </span>
     <span class='ocr_line' id='line_1_17' title="bbox 140 1917 1152 2005; baseline 0.003 -24"><span class='ocrx_word' id='word_1_146' title='bbox 140 1919 199 1982; x_wconf 86' lang='grc' dir='ltr'><em>τὸν</em></span> <span class='ocrx_word' id='word_1_147' title='bbox 217 1918 600 2003; x_wconf 86' lang='grc' dir='ltr'><em>ἀντικαταλλασσόμενον</em></span> <span class='ocrx_word' id='word_1_148' title='bbox 623 1917 703 2005; x_wconf 82' lang='grc' dir='ltr'><em>ἀέρα</em></span> <span class='ocrx_word' id='word_1_149' title='bbox 721 1919 768 1995; x_wconf 85' lang='grc' dir='ltr'><em>είς</em></span> <span class='ocrx_word' id='word_1_150' title='bbox 790 1919 827 1983; x_wconf 86' lang='grc' dir='ltr'><em>τὸ</em></span> <span class='ocrx_word' id='word_1_151' title='bbox 847 1923 914 1984; x_wconf 88' lang='lat' dir='ltr'><em>AB</em></span> <span class='ocrx_word' id='word_1_152' title='bbox 937 1919 1073 2002; x_wconf 82' lang='grc' dir='ltr'><em>ἀγγείου</em></span> <span class='ocrx_word' id='word_1_153' title='bbox 1096 1920 1152 1984; x_wconf 82' lang='grc' dir='ltr'><em>διά</em></span> 
     </span>
     <span class='ocr_line' id='line_1_18' title="bbox 139 2023 1098 2111; baseline 0.001 -21"><span class='ocrx_word' id='word_1_154' title='bbox 139 2033 200 2090; x_wconf 87' lang='grc' dir='ltr'><em>τοῦ</em></span> <span class='ocrx_word' id='word_1_155' title='bbox 224 2029 262 2089; x_wconf 91' lang='grc' dir='ltr'><strong><em>Η</em></strong></span> <span class='ocrx_word' id='word_1_156' title='bbox 281 2030 418 2110; x_wconf 88' lang='grc' dir='ltr'><strong><em>στομίου</em></strong></span> <span class='ocrx_word' id='word_1_157' title='bbox 442 2028 614 2111; x_wconf 82' lang='grc' dir='ltr'><em>είσχωρεῑν</em></span> <span class='ocrx_word' id='word_1_158' title='bbox 636 2023 690 2090; x_wconf 84' lang='grc' dir='ltr'><em>καὶ</em></span> <span class='ocrx_word' id='word_1_159' title='bbox 714 2026 770 2089; x_wconf 76' lang='grc' dir='ltr'><em>διά</em></span> <span class='ocrx_word' id='word_1_160' title='bbox 793 2035 853 2090; x_wconf 89' lang='grc' dir='ltr'><em>τοῦ</em></span> <span class='ocrx_word' id='word_1_161' title='bbox 880 2031 910 2089; x_wconf 76' lang='grc' dir='ltr'><strong><em>Τ</em></strong></span> <span class='ocrx_word' id='word_1_162' title='bbox 928 2027 1098 2110; x_wconf 82' lang='grc' dir='ltr'><em>τρῆματος.</em></span> 
     </span>
    </p>
   </div>
   <div class='ocr_carea' id='block_1_3' title="bbox 612 2255 681 2318">
    <p class='ocr_par' dir='ltr' id='par_1_3' title="bbox 612 2255 681 2318">
     <span class='ocr_line' id='line_1_19' title="bbox 612 2255 681 2318; baseline 0 0"><span class='ocrx_word' id='word_1_163' title='bbox 612 2255 681 2318; x_wconf 88' lang='grc' dir='ltr'><em>ΧΧ.</em></span> 
     </span>
    </p>
   </div>
   <div class='ocr_carea' id='block_1_4' title="bbox 100 2377 1190 2899">
    <p class='ocr_par' dir='ltr' id='par_1_4' title="bbox 100 2377 1190 2899">
     <span class='ocr_line' id='line_1_20' title="bbox 202 2377 1151 2466; baseline 0.004 -23"><span class='ocrx_word' id='word_1_164' title='bbox 202 2377 281 2444; x_wconf 85' lang='grc' dir='ltr'><em>Ἐάν</em></span> <span class='ocrx_word' id='word_1_165' title='bbox 304 2382 351 2456; x_wconf 85' lang='grc' dir='ltr'><em>είς</em></span> <span class='ocrx_word' id='word_1_166' title='bbox 373 2383 486 2466; x_wconf 85' lang='grc' dir='ltr'><em>χρείαν</em></span> <span class='ocrx_word' id='word_1_167' title='bbox 504 2380 704 2465; x_wconf 75' lang='grc' dir='ltr'><strong><em>βουλώμεθα</em></strong></span> <span class='ocrx_word' id='word_1_168' title='bbox 721 2381 758 2445; x_wconf 89' lang='grc' dir='ltr'><em>τὸ</em></span> <span class='ocrx_word' id='word_1_169' title='bbox 778 2380 858 2444; x_wconf 85' lang='grc' dir='ltr'><strong><em>αὐτὸ</em></strong></span> <span class='ocrx_word' id='word_1_170' title='bbox 878 2382 1045 2465; x_wconf 78' lang='grc' dir='ltr'><em>σκευάσαι,</em></span> <span class='ocrx_word' id='word_1_171' title='bbox 1069 2383 1151 2447; x_wconf 81' lang='grc' dir='ltr'><em>ὥστε</em></span> 
     </span>
     <span class='ocr_line' id='line_1_21' title="bbox 100 2467 1190 2573; baseline 0.006 -25"><span class='ocrx_word' id='word_1_172' title='bbox 100 2490 102 2494; x_wconf 84' lang='grc'><strong>’</strong></span> <span class='ocrx_word' id='word_1_173' title='bbox 138 2495 301 2570; x_wconf 77' lang='grc' dir='ltr'><em>κρατῆρος</em></span> <span class='ocrx_word' id='word_1_174' title='bbox 319 2487 415 2562; x_wconf 79' lang='grc' dir='ltr'><em>ὄντος</em></span> <span class='ocrx_word' id='word_1_175' title='bbox 434 2488 471 2550; x_wconf 81' lang='grc' dir='ltr'><em>ἔν</em></span> <span class='ocrx_word' id='word_1_176' title='bbox 489 2510 556 2551; x_wconf 87' lang='grc' dir='ltr'><em>τινι</em></span> <span class='ocrx_word' id='word_1_177' title='bbox 574 2488 662 2573; x_wconf 80' lang='grc' dir='ltr'><em>τόπῳ</em></span> <span class='ocrx_word' id='word_1_178' title='bbox 681 2467 797 2551; x_wconf 81' lang='grc' dir='ltr'><strong><em>πλεῖον</em></strong></span> <span class='ocrx_word' id='word_1_179' title='bbox 816 2486 979 2572; x_wconf 78' lang='grc' dir='ltr'><em>ἀρύεσθαι</em></span> <span class='ocrx_word' id='word_1_180' title='bbox 999 2486 1031 2567; x_wconf 85' lang='grc' dir='ltr'><em>ἐξ</em></span> <span class='ocrx_word' id='word_1_181' title='bbox 1047 2488 1150 2554; x_wconf 85' lang='grc' dir='ltr'><strong><em>αὐτοῦ</em></strong></span> <span class='ocrx_word' id='word_1_182' title='bbox 1164 2505 1190 2546; x_wconf 75' lang='lat'><em>20</em></span> 
     </span>
     <span class='ocr_line' id='line_1_22' title="bbox 139 2587 1150 2679; baseline 0.005 -24"><span class='ocrx_word' id='word_1_183' title='bbox 139 2590 231 2675; x_wconf 75' lang='grc' dir='ltr'><em>ὕδωρ</em></span> <span class='ocrx_word' id='word_1_184' title='bbox 254 2591 309 2655; x_wconf 84' lang='grc' dir='ltr'><em>καὶ</em></span> <span class='ocrx_word' id='word_1_185' title='bbox 332 2590 383 2656; x_wconf 86' lang='grc' dir='ltr'><em>ἀεὶ</em></span> <span class='ocrx_word' id='word_1_186' title='bbox 401 2595 509 2678; x_wconf 84' lang='grc' dir='ltr'><em>πλῆρη</em></span> <span class='ocrx_word' id='word_1_187' title='bbox 529 2587 614 2657; x_wconf 77' lang='grc' dir='ltr'><em>εἶναι</em></span> <span class='ocrx_word' id='word_1_188' title='bbox 631 2594 691 2656; x_wconf 91' lang='grc' dir='ltr'><em>τὸν</em></span> <span class='ocrx_word' id='word_1_189' title='bbox 708 2602 864 2679; x_wconf 86' lang='grc' dir='ltr'><em>κρατῆρα,</em></span> <span class='ocrx_word' id='word_1_190' title='bbox 883 2596 1150 2673; x_wconf 81' lang='grc' dir='ltr'><em>κατασκευάζεται</em></span> 
     </span>
     <span class='ocr_line' id='line_1_23' title="bbox 140 2697 253 2774; baseline 0.009 -13"><span class='ocrx_word' id='word_1_191' title='bbox 140 2697 253 2774; x_wconf 82' lang='grc' dir='ltr'><em>οὕτως.</em></span> 
     </span>
     <span class='ocr_line' id='line_1_24' title="bbox 197 2785 1151 2899; baseline 0.004 -31"><span class='ocrx_word' id='word_1_192' title='bbox 197 2803 304 2868; x_wconf 85' lang='grc' dir='ltr'><em>Ἔστω</em></span> <span class='ocrx_word' id='word_1_193' title='bbox 328 2804 462 2899; x_wconf 79' lang='grc' dir='ltr'><em>ἀγγεῖον</em></span> <span class='ocrx_word' id='word_1_194' title='bbox 484 2806 521 2869; x_wconf 87' lang='grc' dir='ltr'><em>τὸ</em></span> <span class='ocrx_word' id='word_1_195' title='bbox 546 2785 626 2889; x_wconf 68' lang='lat' dir='ltr'><em>AB,</em></span> <span class='ocrx_word' id='word_1_196' title='bbox 650 2805 686 2870; x_wconf 87' lang='grc' dir='ltr'><em>έν</em></span> <span class='ocrx_word' id='word_1_197' title='bbox 709 2797 735 2892; x_wconf 74' lang='grc' dir='ltr'><em>ᾦ</em></span> <span class='ocrx_word' id='word_1_198' title='bbox 760 2808 902 2871; x_wconf 75' lang='grc' dir='ltr'><em>ἔνδοθεν</em></span> <span class='ocrx_word' id='word_1_199' title='bbox 925 2809 1006 2871; x_wconf 78' lang='grc' dir='ltr'><em>ἔστω</em></span> <span class='ocrx_word' id='word_1_200' title='bbox 1030 2807 1151 2892; x_wconf 77' lang='grc' dir='ltr'><em>ὕδατος</em></span> 
     </span>
    </p>
   </div>
   <div class='ocr_carea' id='block_1_5' title="bbox 139 2995 1151 3352">
    <p class='ocr_par' dir='ltr' id='par_1_5' title="bbox 139 2995 1151 3352">
     <span class='ocr_line' id='line_1_25' title="bbox 210 2995 1150 3069; baseline 0.004 -21"><span class='ocrx_word' id='word_1_201' title='bbox 210 3003 227 3048; x_wconf 87' lang='grc'>4</span> <span class='ocrx_word' id='word_1_202' title='bbox 248 2995 401 3066; x_wconf 67' lang='grc' dir='ltr'><em>Θεοήρελι</em></span> <span class='ocrx_word' id='word_1_203' title='bbox 427 2996 549 3065; x_wconf 76' lang='grc' dir='ltr'><em>ῆοΒῑιε</em></span> <span class='ocrx_word' id='word_1_204' title='bbox 573 3017 590 3052; x_wconf 89' lang='grc' dir='ltr'><em>κ</em></span> <span class='ocrx_word' id='word_1_205' title='bbox 609 2996 664 3053; x_wconf 82' lang='lat' dir='ltr'><em>GP.</em></span> <span class='ocrx_word' id='word_1_206' title='bbox 697 2995 731 3052; x_wconf 81' lang='lat' dir='ltr'><em>of.</em></span> <span class='ocrx_word' id='word_1_207' title='bbox 751 2996 838 3052; x_wconf 72' lang='lat' dir='ltr'><strong>etiam</strong></span> <span class='ocrx_word' id='word_1_208' title='bbox 855 2998 966 3052; x_wconf 81' lang='lat' dir='ltr'>Roohas</span> <span class='ocrx_word' id='word_1_209' title='bbox 985 2997 1036 3053; x_wconf 92' lang='lat' dir='ltr'>l.l.</span> <span class='ocrx_word' id='word_1_210' title='bbox 1055 3017 1082 3069; x_wconf 86' lang='lat' dir='ltr'><em>p.</em></span> <span class='ocrx_word' id='word_1_211' title='bbox 1100 3005 1150 3052; x_wconf 77' lang='lat'><em>123</em></span> 
     </span>
     <span class='ocr_line' id='line_1_26' title="bbox 175 3065 1151 3140; baseline 0.007 -21"><span class='ocrx_word' id='word_1_212' title='bbox 175 3073 244 3120; x_wconf 83' lang='lat'><em>4—5</em></span> <span class='ocrx_word' id='word_1_213' title='bbox 259 3067 277 3121; x_wconf 87' lang='lat' dir='ltr'><em>f.</em></span> <span class='ocrx_word' id='word_1_214' title='bbox 289 3077 337 3121; x_wconf 83' lang='grc' dir='ltr'><em>τοῦ</em></span> <span class='ocrx_word' id='word_1_215' title='bbox 353 3067 454 3140; x_wconf 85' lang='grc' dir='ltr'>&lt;ΗΘ&gt;</span> <span class='ocrx_word' id='word_1_216' title='bbox 470 3073 591 3138; x_wconf 81' lang='grc' dir='ltr'><em>σωλῆνος</em></span> <span class='ocrx_word' id='word_1_217' title='bbox 664 3075 679 3122; x_wconf 87' lang='grc'><strong>6</strong></span> <span class='ocrx_word' id='word_1_218' title='bbox 694 3065 786 3138; x_wconf 74' lang='grc' dir='ltr'><em>ρείσει</em></span> <span class='ocrx_word' id='word_1_219' title='bbox 799 3068 846 3124; x_wconf 81' lang='lat' dir='ltr'><em>bL</em></span> <span class='ocrx_word' id='word_1_220' title='bbox 861 3071 935 3138; x_wconf 68' lang='lat' dir='ltr'>(post</span> <span class='ocrx_word' id='word_1_221' title='bbox 950 3074 1071 3138; x_wconf 85' lang='grc' dir='ltr'><em>σωλῆνος</em></span> <span class='ocrx_word' id='word_1_222' title='bbox 1086 3069 1151 3126; x_wconf 84' lang='lat' dir='ltr'><strong>add.</strong></span> 
     </span>
     <span class='ocr_line' id='line_1_27' title="bbox 139 3135 1150 3210; baseline 0.003 -19"><span class='ocrx_word' id='word_1_223' title='bbox 139 3136 394 3210; x_wconf 78' lang='lat' dir='ltr'><strong>inmargineM,):</strong></span> <span class='ocrx_word' id='word_1_224' title='bbox 414 3154 500 3193; x_wconf 71' lang='lat' dir='ltr'><em>omn</em></span> <span class='ocrx_word' id='word_1_225' title='bbox 572 3145 605 3192; x_wconf 83' lang='lat'><em>13</em></span> <span class='ocrx_word' id='word_1_226' title='bbox 625 3135 675 3193; x_wconf 76' lang='grc' dir='ltr'><em>ἐὰν</em></span> <span class='ocrx_word' id='word_1_227' title='bbox 692 3154 723 3194; x_wconf 76' lang='lat' dir='ltr'><em>a:</em></span> <span class='ocrx_word' id='word_1_228' title='bbox 742 3138 778 3193; x_wconf 81' lang='grc' dir='ltr'><em>ἀν</em></span> <span class='ocrx_word' id='word_1_229' title='bbox 792 3140 854 3194; x_wconf 84' lang='lat' dir='ltr'>Par.</span> <span class='ocrx_word' id='word_1_230' title='bbox 865 3145 934 3194; x_wconf 79' lang='lat'>2512</span> <span class='ocrx_word' id='word_1_231' title='bbox 1008 3147 1041 3194; x_wconf 77' lang='lat'><em>14</em></span> <span class='ocrx_word' id='word_1_232' title='bbox 1056 3139 1150 3208; x_wconf 78' lang='grc' dir='ltr'><em>δεήσει</em></span> 
     </span>
     <span class='ocr_line' id='line_1_28' title="bbox 140 3206 1151 3334; baseline 0.004 -72"><span class='ocrx_word' id='word_1_233' title='bbox 140 3206 246 3278; x_wconf 77' lang='grc' dir='ltr'><em>(δέήσει</em></span> <span class='ocrx_word' id='word_1_234' title='bbox 259 3210 293 3280; x_wconf 90' lang='grc' dir='ltr'><em>Α)</em></span> <span class='ocrx_word' id='word_1_235' title='bbox 313 3210 344 3265; x_wconf 79' lang='grc' dir='ltr'><em>δὲ</em></span> <span class='ocrx_word' id='word_1_236' title='bbox 364 3211 415 3278; x_wconf 80' lang='lat' dir='ltr'><em>ab,</em></span> <span class='ocrx_word' id='word_1_237' title='bbox 435 3209 571 3280; x_wconf 82' lang='lat' dir='ltr'>spurium:</span> <span class='ocrx_word' id='word_1_238' title='bbox 595 3209 613 3263; x_wconf 86' lang='lat' dir='ltr'><em>f.</em></span> <span class='ocrx_word' id='word_1_239' title='bbox 630 3209 790 3334; x_wconf 46' lang='grc' dir='ltr'><em>(ἀμεινονὲ</em></span> <span class='ocrx_word' id='word_1_240' title='bbox 805 3210 836 3266; x_wconf 75' lang='grc' dir='ltr'><em>δὲ</em></span> <span class='ocrx_word' id='word_1_241' title='bbox 856 3209 933 3265; x_wconf 75' lang='grc' dir='ltr'><em>ἔσται</em></span> <span class='ocrx_word' id='word_1_242' title='bbox 952 3209 1017 3283; x_wconf 59' lang='grc' dir='ltr'><em>[δὲ]</em></span> <span class='ocrx_word' id='word_1_243' title='bbox 1049 3230 1074 3266; x_wconf 88' lang='lat' dir='ltr'><em>v.</em></span> <span class='ocrx_word' id='word_1_244' title='bbox 1088 3229 1151 3281; x_wconf 87' lang='lat' dir='ltr'><strong>pro-</strong></span> 
     </span>
     <span class='ocr_line' id='line_1_29' title="bbox 139 3278 1092 3352; baseline 0.006 -19"><span class='ocrx_word' id='word_1_245' title='bbox 139 3278 287 3350; x_wconf 82' lang='lat' dir='ltr'>legomena</span> <span class='ocrx_word' id='word_1_246' title='bbox 306 3280 342 3334; x_wconf 81' lang='lat' dir='ltr'><em>ad</em></span> <span class='ocrx_word' id='word_1_247' title='bbox 360 3281 406 3352; x_wconf 85' lang='lat' dir='ltr'><em>fig.</em></span> <span class='ocrx_word' id='word_1_248' title='bbox 422 3287 455 3335; x_wconf 80' lang='lat'><em>20</em></span> <span class='ocrx_word' id='word_1_249' title='bbox 529 3287 562 3335; x_wconf 82' lang='lat'><em>19</em></span> <span class='ocrx_word' id='word_1_250' title='bbox 582 3281 716 3335; x_wconf 81' lang='grc' dir='ltr'><em>σκευάσαι</em></span> <span class='ocrx_word' id='word_1_251' title='bbox 733 3281 758 3334; x_wconf 88' lang='lat' dir='ltr'>A</span> <span class='ocrx_word' id='word_1_252' title='bbox 794 3305 800 3337; x_wconf 86' lang='lat'><strong>:</strong></span> <span class='ocrx_word' id='word_1_253' title='bbox 819 3282 1026 3337; x_wconf 85' lang='grc' dir='ltr'><em>κατασκευάσαι</em></span> <span class='ocrx_word' id='word_1_254' title='bbox 1044 3283 1092 3339; x_wconf 80' lang='lat' dir='ltr'><em>Gb</em></span> 
     </span>
    </p>
   </div>
   <div class='ocr_carea' id='block_1_6' title="bbox 178 3453 1151 3612">
    <p class='ocr_par' dir='ltr' id='par_1_6' title="bbox 178 3453 1151 3612">
     <span class='ocr_line' id='line_1_30' title="bbox 213 3453 1150 3513; baseline 0.003 -4"><span class='ocrx_word' id='word_1_255' title='bbox 213 3463 291 3511; x_wconf 85' lang='grc' dir='ltr'><em>1ΑΒ</em></span> <span class='ocrx_word' id='word_1_256' title='bbox 307 3460 392 3512; x_wconf 89' lang='lat' dir='ltr'>om.P</span> <span class='ocrx_word' id='word_1_257' title='bbox 465 3457 543 3512; x_wconf 78' lang='grc' dir='ltr'><em>δὸιά</em></span> <span class='ocrx_word' id='word_1_258' title='bbox 558 3457 589 3513; x_wconf 74' lang='grc' dir='ltr'><em>δὲ</em></span> <span class='ocrx_word' id='word_1_259' title='bbox 604 3456 651 3510; x_wconf 80' lang='grc' dir='ltr'><em>ΟΡ</em></span> <span class='ocrx_word' id='word_1_260' title='bbox 722 3453 784 3512; x_wconf 85' lang='grc' dir='ltr'><em>9έκ</em></span> <span class='ocrx_word' id='word_1_261' title='bbox 798 3466 847 3512; x_wconf 82' lang='grc' dir='ltr'><em>τοῦ</em></span> <span class='ocrx_word' id='word_1_262' title='bbox 862 3458 924 3513; x_wconf 87' lang='lat' dir='ltr'><em>BL:</em></span> <span class='ocrx_word' id='word_1_263' title='bbox 944 3461 993 3512; x_wconf 79' lang='grc' dir='ltr'><em>διὰ</em></span> <span class='ocrx_word' id='word_1_264' title='bbox 1006 3467 1055 3512; x_wconf 80' lang='grc' dir='ltr'><em>τοῦ</em></span> <span class='ocrx_word' id='word_1_265' title='bbox 1076 3457 1150 3513; x_wconf 67' lang='lat' dir='ltr'><em>{GP</em></span> 
     </span>
     <span class='ocr_line' id='line_1_31' title="bbox 178 3528 1151 3612; baseline 0.004 -32"><span class='ocrx_word' id='word_1_266' title='bbox 178 3532 210 3580; x_wconf 89' lang='lat'><em>10</em></span> <span class='ocrx_word' id='word_1_267' title='bbox 229 3529 509 3600; x_wconf 76' lang='grc' dir='ltr'><em>ἀναοτομωθῆοεταιι</em></span> <span class='ocrx_word' id='word_1_268' title='bbox 529 3528 735 3585; x_wconf 76' lang='grc' dir='ltr'><em>ολιίιιναὺάιννῑι</em></span> <span class='ocrx_word' id='word_1_269' title='bbox 753 3528 783 3581; x_wconf 88' lang='lat' dir='ltr'><em>in</em></span> <span class='ocrx_word' id='word_1_270' title='bbox 802 3528 931 3582; x_wconf 83' lang='lat' dir='ltr'><strong>omnibus</strong></span> <span class='ocrx_word' id='word_1_271' title='bbox 945 3528 1025 3583; x_wconf 81' lang='lat' dir='ltr'>libris</span> <span class='ocrx_word' id='word_1_272' title='bbox 1039 3532 1151 3612; x_wconf 74' lang='grc' dir='ltr'><strong><em>μεαετοε</em></strong></span> 
     </span>
    </p>
   </div>
   <div class='ocr_carea' id='block_1_7' title="bbox 0 0 1304 3886">
    <p class='ocr_par' dir='ltr' id='par_1_7' title="bbox 0 0 1304 3886">
     <span class='ocr_line' id='line_1_32' title="bbox 0 0 1304 3886; baseline 0 0"><span class='ocrx_word' id='word_1_273' title='bbox 0 0 1304 3886; x_wconf 95' lang='lat' dir='ltr'><em> </em></span> 
     </span>
    </p>
   </div>
  </div>
 </body>
</html>
