2574 3918
145 181 212 245 480
294 182 464 235 Pffluouls
481 183 709 236 Demessus
727 182 1008 237 SPIRITUALIBUS.

90 364 132 403 mo
147 343 285 428 effluere,
304 343 404 408 donce
415 341 418 431 1
431 365 563 428 prorsus
581 348 753 408 evacuetur
775 343 932 429 quidquid
954 367 1036 430 aquo
1058 345 1164 411 fuerit

148 451 182 516 in
204 471 287 516 vase.
332 451 445 515 etheo
468 454 517 514 est
540 451 644 536 figure
665 451 762 514 huius
785 451 840 515 rei.

633 689 671 754 X.

214 822 350 902 Quidum
369 845 408 886 ex
421 821 607 887 huiusmodi
621 823 831 888 artificiorum

148 929 318 1016 opificibus
343 929 450 994 consti
473 932 557 1014 sunt,
578 934 616 993 ut
638 930 764 994 facilius
787 931 832 996 fc-

147 1041 256 1102 cerent
296 1057 397 1122 genus
433 1036 519 1100 vasis
554 1037 642 1101 intus
678 1036 832 1101 latentem

148 1148 303 1227 ponentes
327 1142 469 1207 canalem
487 1143 549 1208 hoc
567 1143 672 1209 modo.
714 1144 758 1208 sit
775 1165 832 1209 vas

147 1248 255 1314 ABG
277 1249 418 1314 foratum
441 1249 555 1314 subtus
578 1249 613 1314 in
635 1250 750 1334 medio,
775 1250 832 1314 ubi

149 1356 192 1421 sit
218 1354 261 1440 G,
288 1359 321 1419 et
347 1355 583 1420 intromittatur
610 1355 833 1440 perforamen

148 1462 268 1527 canalis
294 1461 415 1525 ibidem
441 1462 578 1526 firmiter
604 1466 747 1548 optutus,
777 1463 833 1548 qui

149 1569 192 1633 sit
213 1567 291 1651 el),
315 1568 433 1633 directe
456 1573 579 1634 erectus
602 1569 668 1632 fere
691 1567 732 1632 ad
750 1589 834 1632 snm-

149 1675 294 1738 mitetem
312 1674 390 1738 AB.
416 1674 492 1739 huic
514 1678 682 1759 coaptetur
700 1675 833 1740 circum-

104 1804 106 1808 ’
149 1781 275 1865 positus
298 1779 417 1845 canulis
440 1781 522 1845 elius
545 1780 586 1846 ad
609 1804 664 1846 vas
685 1783 832 1846 firmatus
1008 1815 1015 1864 g
1043 1833 1048 1852 .

151 1887 206 1972 qui
233 1885 417 1972 suurn,
445 1888 625 1952 statumen
647 1892 684 1952 ue
710 1889 832 1953 raucus
921 1965 923 1970 ,
980 1861 1048 1979 1,ξ

149 1993 190 2058 ed
214 1993 246 2058 T
269 1998 301 2058 et
323 1993 363 2060 K
384 1993 596 2059 foraminibus
624 2017 706 2081 aqua
729 1995 833 2079 possit
985 1973 1013 2007 ¹

150 2100 269 2164 ibidem
292 2100 435 2185 introire,
459 2101 487 2165 si
509 2101 578 2166 sesi
600 2101 698 2166 fuerit
718 2101 833 2166 infusa.

151 2229 213 2290 que
230 2207 387 2291 paulatim
405 2209 577 2272 ascendens
593 2230 612 2271 u
625 2208 665 2272 K
674 2213 707 2272 et
722 2207 754 2272 T
766 2229 834 2272 vcr-

151 2335 205 2378 sus
223 2315 264 2397 Ε,
282 2333 355 2378 cum
374 2313 415 2378 ad
431 2313 466 2378 E
482 2315 671 2401 pervenerit,
692 2337 750 2399 per
765 2315 835 2380 cl)

152 2418 320 2486 demandet
352 2441 502 2504 ommno
532 2421 566 2484 in
599 2422 833 2487 stacionarium.
955 2383 1006 2434 m
1021 2385 1066 2426 ¹¹⁷·

629 2657 684 2726 XI.
1180 2679 1209 2720 so

218 2793 297 2858 Post
329 2792 391 2858 hoc
422 2797 531 2857 autem
561 2792 650 2858 aliud
681 2798 731 2859 est
763 2793 931 2859 dicendum
961 2793 1165 2864 elementum.

153 2900 239 2990 quod
267 2903 329 2984 est,
356 2904 393 2964 ut
420 2901 477 2963 fiat
505 2922 561 2965 vas
590 2902 676 2985 quod
705 2901 748 2966 sit
774 2901 856 2986 AB,
884 2901 919 2965 in
945 2900 1036 2965 cuius
1063 2900 1165 2966 fundo

153 3007 277 3072 minuto
295 3007 375 3071 fiunt
393 3007 560 3093 foramina,
578 3008 634 3072 ubi
654 3008 697 3072 sit
715 3007 756 3092 E,
774 3007 817 3073 H.
846 3023 923 3072 'oum
941 3007 1043 3094 igitur
1064 3007 1166 3091 inple-

153 3114 237 3180 veris
251 3135 307 3179 ves
321 3113 403 3178 illud
416 3137 473 3198 per
486 3115 703 3199 inpulsionem
722 3115 756 3179 in
775 3137 900 3200 aquam,
919 3113 947 3180 si
966 3111 1164 3178 obstmxeris

155 3242 191 3285 os
223 3222 308 3285 vasis
340 3243 413 3286 cum
445 3221 562 3307 digito,
593 3220 693 3285 nichil
730 3221 899 3285 emanabit.
946 3220 1002 3285 sed
1038 3217 1164 3305 quando
1178 3237 1206 3278 ss

154 3349 299 3392 removes
318 3327 456 3415 digitum
476 3327 516 3392 ob
537 3350 601 3412 ore,
619 3326 752 3410 incipiet
775 3349 857 3412 aqua
881 3326 1018 3392 effluere.
1055 3347 1166 3390 coven-

155 3435 231 3496 dum
254 3438 361 3498 autom
385 3439 447 3518 est,
469 3456 510 3499 no
531 3435 631 3498 nimio
652 3433 839 3517 capacitatis
868 3434 912 3499 sit
938 3454 1007 3517 vas,
1033 3436 1167 3516 proptor

155 3540 428 3604 uonderositutem
446 3562 536 3624 aque,
556 3562 618 3624 que
636 3538 804 3606 descendet
822 3539 865 3624 vi,
887 3539 915 3605 si
937 3538 1038 3603 nimie
1059 3538 1166 3604 fuerit.
