2598 3886
140 147 205 211 110
258 149 409 200 ΗΡΩΝΟΣ
427 144 692 205 ΔΛΕΞΑΝΔΡΕΩΣ
711 145 980 199 ΠΝΕΤΜΔΤΙΚΩΝ
998 147 1030 200 Α.

138 309 236 394 μένος
266 310 391 394 κρατῆρ
424 307 461 374 έν
488 311 576 395 τόπῳ
603 307 670 373 τινὶ
702 311 851 392 κείμενος
878 307 896 372 6
925 311 1013 390 ΛΜ,
1044 302 1084 373 οὗ
1112 309 1149 372 τὸ

138 421 246 499 χεῖλος
277 419 359 480 ἐστω
392 414 428 479 έν
460 414 542 500 αὐτῆ
570 424 608 501 τῆ
636 414 812 500 ἐπιφανείᾳ
838 423 899 478 τοῦ
926 412 963 478 ἐν
989 424 1028 499 τῆ
1059 418 1150 502 ληνῳ

137 521 274 604 ὕδατος,
307 521 361 586 ὅτε
393 519 502 586 οὐκέτι
535 519 678 607 ἐπιρρέει
710 520 728 586 6
759 521 902 607 κρουνὸς
934 530 995 585 τοῦ
1023 525 1150 603 φελλοῦ

137 627 385 712 ἐπινηχομένου.
430 626 556 713 φερέτω
590 624 627 692 δὲ
658 625 713 691 καὶ
746 626 781 691 ἐκ
812 635 870 710 τῆς
901 632 1005 710 ληνοῦ
1038 628 1150 710 σωλὴν
1246 700 1271 724 ,„

137 737 185 811 είς
206 736 266 800 τὸν
288 733 444 818 πυθμένα
467 743 527 799 τοῦ
549 743 712 819 κρατῆρος
734 733 752 798 6
779 737 853 798 ΘΝ.
889 733 969 798 ὅταν
987 735 1050 818 ἀρα
1068 737 1191 816 πλη-ιε

138 864 219 925 ρους
242 843 338 916 ὄντος
360 849 420 904 τοῦ
443 849 605 926 κρατῆρος
627 839 734 925 ἀρῦση
759 863 809 916 τις
826 840 929 926 ὕδωρ,
949 841 1150 922 συγκενώσει

137 945 193 1010 καὶ
219 948 256 1010 τὸ
285 945 322 1010 ἐν
344 955 383 1030 τῆ
409 949 482 1010 ΘΗ
504 951 594 1032 ληνῷ
617 946 722 1032 ὕδωρ·
745 945 800 1011 καὶ
821 950 964 1021 καθίσας
986 945 1004 1010 6
1028 946 1150 1028 φελλὸς

138 1050 262 1130 ἀνοίξει
298 1053 358 1117 τὸν
393 1055 555 1138 κρουνὸν,
591 1051 645 1117 καλ
681 1054 718 1117 τὸ
755 1051 908 1139 ἐπιρρέον
944 1057 991 1128 είς
1022 1076 1056 1117 τε
1088 1055 1149 1135 τῆν

138 1160 242 1242 ληνὸν
276 1157 331 1223 καὶ
366 1161 426 1224 τὸν
456 1169 602 1246 κρατῆρα
634 1159 846 1244 ἐνεχθῆσεται
876 1157 930 1223 καλ
960 1162 1148 1244 μετεωρίσει

84 1286 124 1327 ιιι
137 1266 197 1329 τὸν
220 1268 354 1348 φελλόν,
377 1267 460 1332 ὥστε
482 1267 584 1331 πάλιν
603 1266 607 1349 λ
628 1266 742 1350 μηκέτι
764 1265 936 1352 ἐπιρρέειν.
976 1263 1031 1330 καὶ
1049 1274 1147 1330 τοῦτο
1161 1289 1189 1328 10

138 1375 243 1454 ἔσται,
266 1371 379 1448 ὸσάκις
402 1371 444 1438 ἀν
467 1371 630 1457 ἀφέληταί
649 1397 699 1449 τις
722 1372 758 1437 ἐκ
779 1381 840 1436 τοῦ
862 1381 1024 1459 κρατῆρος
1046 1371 1147 1457 ὕδωρ.

601 1601 686 1666 ΧΧΙ.

203 1727 264 1800 Εἰς
296 1728 368 1790 ἔνια
403 1728 561 1792 σπονδεῖα
587 1727 840 1812 πενταδράχμου
866 1731 1064 1812 νομίσματος
1093 1725 1146 1809 ε’μ-

137 1830 331 1915 βληθέντος,
353 1832 445 1919 ὕδωρ
468 1832 623 1919 ἀπορρέει
646 1834 693 1909 είς
715 1835 752 1898 τὸ
775 1838 1057 1920 περιρραίνεσθαι.

74 1999 75 2004 ,
196 1936 303 2002 Ἔστω
332 1940 510 2005 σπονδεῖον
537 1938 556 2022 ῆ
584 1939 756 2025 θησαυρὸς
784 1940 801 2005 6
830 1941 976 2022 ΑΒΓΔ,
1005 1935 1045 2004 οὗ
1074 1942 1147 2004 στό-
1160 1961 1187 2001 15

138 2069 217 2128 μιον
245 2047 327 2109 ἔστω
355 2046 392 2124 τὸ
415 2051 447 2109 Α
475 2045 761 2130 ἀνεστομωμένον,
790 2046 826 2111 ἐν
854 2043 891 2111 δὲ
919 2056 965 2134 τῳ
986 2053 1148 2134 θησαυρῷ

74 2231 78 2238 ¹
138 2151 274 2234 ἀγγεῖον
301 2154 382 2216 ἔστω
409 2152 447 2216 τὸ
473 2155 617 2215 ΖΗΘΚ
643 2155 719 2235 ἔχον
745 2151 837 2238 ὕδωρ
866 2150 922 2216 καλ
944 2151 1064 2230 πυξίδα
1087 2153 1149 2235 τὴν

139 2263 180 2341 Λ,
204 2257 235 2336 ἐξ
258 2253 298 2340 ῆς
319 2259 461 2344 κρουνὸς
485 2257 544 2336 ἐξω
568 2257 693 2344 φερέτω
717 2258 735 2323 6
759 2261 843 2322 AM.
870 2261 1091 2344 παρακείσθω
1111 2253 1148 2322 δέ

138 2372 184 2452 τῳ
207 2364 328 2450 ἀγγείῳ
351 2365 470 2449 ὄρθιος
492 2365 603 2428 κανὼν
625 2364 643 2429 6
662 2367 701 2428 Ν
704 2363 741 2447 Ξ,
764 2363 839 2450 περὶ
859 2363 899 2428 ὃν
917 2361 1027 2450 ἕτερος
1043 2369 1148 2447 κηλω-

139 2470 289 2535 νευέσθω
319 2469 337 2535 6
363 2473 434 2534 ΟΠ
457 2472 541 2554 ἔχων
567 2472 651 2558 πρὸς
681 2467 742 2554 μὲν
769 2479 814 2558 τῷ
844 2475 883 2535 0.
901 2472 1149 2555 πλατυσμάτιον
1162 2493 1188 2532 ιο

139 2578 177 2644 τὸ
205 2582 235 2641 Ρ
256 2577 470 2663 παράλληλον
496 2584 542 2664 τῳ
568 2578 716 2661 πυθμένι
742 2586 803 2642 τοῦ
832 2576 983 2660 ἀγγείου,
1005 2578 1089 2663 πρὸς
1111 2573 1149 2642 δέ

142 2722 229 2802 μένος
256 2722 365 2803 κρατῆρ
392 2721 425 2783 ἐν
448 2723 526 2809 τόπῳ
548 2721 607 2784 τινὶ
629 2724 762 2803 κείμενος
786 2721 802 2784 6
825 2727 914 2802 ΛΜ,
941 2717 978 2785 οὗ
1000 2723 1032 2785 τὸ
1055 2728 1148 2804 χεῖλος

141 2811 212 2873 ἔστω
231 2809 359 2892 ἀκριβῶς
377 2809 410 2872 ἐν
433 2811 508 2896 αῦτῆ
526 2821 561 2896 τῆ
580 2809 737 2896 ἐπιφανείᾳ
755 2822 808 2875 τοῦ
826 2811 859 2875 ἐν
877 2822 912 2897 τῆ
930 2817 1011 2897 ληνῷ
1030 2813 1149 2891 ῦδατος,

141 2899 188 2962 ὅτε
211 2899 307 2963 οάιιέτι
329 2897 453 2981 ἐπιρρέει
477 2898 493 2961 6
514 2900 642 2980 κρουνὸς
664 2911 716 2963 τοῦ
740 2905 848 2980 φελλοῦ
871 2899 1092 2982 ἐπινηχομένου.

145 3176 147 3178 η
215 3113 247 3162 13
271 3109 406 3163 σπονδεῖα
424 3107 491 3162 Mb:
515 3108 635 3163 απονδία
654 3122 672 3161 a
761 3113 865 3162 15—16
888 3108 920 3162 τὸ
941 3107 1053 3177 στόμιον
1071 3107 1149 3162 Leid.

143 3179 246 3304 θοῳέἰςτ.
246 3183 318 3305 03415ιιι
337 3180 510 3305 v6qnwffloe
524 3178 583 3232 ΒΜ
595 3180 711 3249 (πηξίδα
726 3177 795 3249 OP):
814 3180 930 3245 πυξίδια
944 3193 975 3234 a:
990 3180 1114 3248 γε’πίάοιιι
1127 3177 1149 3230 L

216 3433 230 3481 ’λ
250 3431 372 3492 καθίσας
390 3445 420 3484 a:
439 3428 584 3483 κατελθὼν
602 3427 630 3494 b,
649 3427 843 3482 ἀωυιπδεπεΙι
915 3433 931 3481 8
950 3426 1000 3496 τὴν
1017 3442 1048 3481 a:
1066 3427 1149 3481 τὸνλ)

180 3522 196 3569 9
221 3514 259 3579 εἰς
281 3517 330 3571 τὸν
352 3517 398 3573 bh
473 3521 506 3570 10
529 3513 626 3585 μηκέτι
648 3513 733 3569 πάλιν
756 3517 790 3568 tr.
810 3513 857 3567 ΟΡ
934 3520 966 3568 17
991 3519 1076 3584 ηζθκ
1103 3515 1150 3570 bL
