2604 3908
175 173 241 238 396
278 175 427 227 ΗΡΩΝΟΣ
445 172 645 233 ΑΛΕΞΑΝΔΡ.
661 177 748 228 ΠΕΡΙ
766 176 1186 231 ΔΊΤΟΜΑΤΟΠΟΙΗΤΙΚΗΣ.

175 335 229 400 ε’πλ
261 338 297 402 τὸ
331 334 480 421 συμφυὲς
512 337 601 425 αὐτῷ
628 337 801 422 τύμπανον
827 337 889 420 τὴν
916 336 952 402 ἐκ
979 347 1037 422 της
1065 344 1157 415 ίτυος
1182 336 1187 426 Ι

122 461 162 502 ειο
176 443 322 528 σπάρτον
354 442 409 508 καλ
442 443 546 520 οὕτως
574 444 726 529 χορεύειν
752 445 811 520 τάς
838 445 976 528 Βάκχας.
1027 443 1097 509 ἐπεὶ
1126 439 1190 510 οὖν

175 547 229 625 δὶς
251 549 352 626 αύτάς
375 551 426 615 δεί
447 559 615 637 χορεῦσαι,
638 553 705 635 ἔχει
727 551 876 635 χάλασμα
899 549 1190 636 διαμεμηρυμίνον

174 655 194 739 ἡ
221 654 298 741 περὶ
325 658 384 722 τὸν
411 655 513 734 ἀξονα
536 658 695 742 σπάρτος,
718 658 806 734 ὅπως
828 658 942 734 στάσις
963 655 1098 742 γε’νηται
1121 667 1191 724 τῶν

175 767 317 847 Βακχῶν
335 761 391 828 διά
409 773 470 828 τοῦ
488 766 703 848 χαλάσματος.
735 767 893 848 ταθείσης
911 761 948 830 δὲ
967 764 1068 848 αὐτῆς
1085 766 1190 830 πάλιν
1216 784 1231 826 ε

174 869 408 955 χορεύσουσιν·
445 869 665 936 ἐπικείσονται
696 869 760 957 γὰρ
793 881 833 957 τῇ
866 869 1020 958 εἰρημένῃ
1053 878 1121 936 ίτνι
1153 873 1189 936 αἱ

175 976 310 1058 Βάκχαι.

68 1079 163 1146 XVII
234 1080 329 1147 Ὅσαι
353 1078 390 1146 δὲ
413 1082 553 1167 σπάρτοι
573 1082 608 1148 ἐκ
626 1091 683 1167 τῆς
701 1084 787 1148 κάτω
807 1083 932 1166 βάσεως
951 1084 998 1159 είς
1015 1084 1077 1167 τὴν
1095 1085 1190 1148 λείαν

175 1187 407 1272 ἀποδίδονται,
431 1190 483 1255 δεί
505 1191 625 1266 ταύτας
648 1189 787 1275 ἀφανεῖς
808 1189 979 1276 ὑπάρχειν.
1253 1269 1256 1275 ¹

242 1297 376 1361 Γίνεται
404 1291 466 1362 οὖν
487 1294 543 1362 καὶ
566 1305 665 1362 τοῦτο
688 1297 805 1374 οὕτως·
831 1299 913 1362 ἔστω
937 1294 1000 1382 γάρ
1024 1297 1061 1362 τὸ
1085 1299 1189 1381 στόμα
1202 1319 1231 1360 1ο

174 1410 231 1484 τῆς
264 1401 436 1487 σύριγγος,
469 1402 505 1469 ἐν
536 1394 559 1489 ᾗ
591 1401 682 1468 ἐστιν
713 1402 734 1486 ἡ
764 1406 851 1485 λεία,
883 1404 920 1467 τὸ
949 1405 1101 1486 ΑΒΓΔ,
1133 1401 1189 1468 καὶ

174 1510 347 1573 καθείσθω
371 1506 428 1573 διά
450 1519 511 1575 τοῦ
535 1508 572 1574 ἐν
593 1520 633 1596 τῇ
657 1511 792 1596 σύριγγι
815 1512 976 1594 στόματος
994 1511 1189 1595 διάφραγμα

174 1611 256 1678 κατὰ
284 1616 345 1698 την
366 1620 431 1679 EZ
455 1616 593 1682 εύθείαν
615 1616 853 1701 ἀπολαμβάνον
875 1618 912 1682 τὸ
934 1621 1005 1681 ΔΕ
1026 1617 1190 1701 διάστημα

138 1720 228 1786 θὸτι
252 1724 456 1788 στενότατον.
501 1722 521 1807 ἡ
546 1719 607 1808 μὲν
630 1717 693 1789 οὖν
715 1721 852 1810 κέγχρος
875 1722 1118 1807 ἐμβληθησεται
1141 1725 1189 1800 είς

174 1828 236 1910 τὴν
257 1832 321 1892 ΕΒ
344 1829 467 1915 χώραν,
490 1831 525 1894 αλ
547 1826 584 1895 δὲ
607 1830 746 1916 σπάρτοι
766 1829 801 1895 ἐκ
819 1838 879 1896 τοῦ
897 1830 1049 1895 κάτωθεν
1067 1829 1189 1916 μέρους
1203 1851 1231 1892 15

175 1932 456 2018 ἀνενεχθήσονται
484 1938 531 2013 είς
557 1937 619 2020 τὴν
646 1939 777 2002 ΓΔΕΖ
804 1937 916 2021 χώραν
942 1935 998 2001 καλ
1021 1936 1189 2021 ἀποδοθή-

176 2056 291 2106 σονται
323 2043 370 2118 είς
401 2044 462 2126 τὴν
493 2046 587 2108 λείαν
618 2044 679 2126 τὴν
712 2041 748 2107 ἐν
777 2052 816 2129 τη
847 2046 914 2107 ΑΒ
922 2047 985 2107 ΖΕ
1012 2043 1103 2130 χώρᾳ
1133 2045 1189 2108 διά

176 2152 345 2234 τροχίλον·
369 2149 474 2226 οὕτως
496 2151 560 2236 γάρ
584 2149 723 2234 ἀφανεῖς
746 2152 878 2215 ἔσονται
900 2159 1002 2214 πᾶσαι
1026 2151 1061 2214 αλ
1087 2151 1189 2215 κάτω-

174 2260 239 2318 θεν
257 2253 502 2342 ἀναφερόμεναι
521 2257 670 2343 σπάρτοι.
706 2255 776 2322 ἐπεὶ
795 2250 858 2322 ούν
875 2262 1009 2322 πολλῶν
1026 2258 1190 2340 κινήσεων

174 2359 362 2445 γινομένων
382 2360 438 2427 καὶ
457 2370 514 2444 τῆς
532 2371 592 2428 τοῦ
609 2366 772 2430 πλινθίου
790 2366 925 2449 πορείας
942 2366 1067 2446 πολλῆς
1084 2362 1189 2448 ύπαρ-
1203 2385 1231 2426 εο

175 2467 298 2549 χούσης
324 2466 450 2552 ἀνάγκη
479 2467 551 2552 [μὴ]
584 2467 733 2555 ἐξαρκεῖν
759 2470 797 2534 τὸ
822 2479 880 2554 τῆς
907 2469 1066 2554 σύριγγος
1092 2469 1189 2554 ὕψος,

1294 1899 1301 1932 λ

138 2572 228 2638 θδεί
249 2572 304 2638 καλ
326 2584 425 2640 τοῦτο
448 2577 711 2659 μηχανήσασθαι.
751 2577 834 2660 πρὸς
857 2571 919 2660 μὲν
941 2570 1063 2640 οὖντὸ
1086 2585 1189 2660 μῆκος

175 2688 232 2762 τῆς
259 2684 394 2766 πορείας
421 2682 582 2748 δύνανται
610 2683 642 2748 ολ
669 2680 745 2769 περὶ
772 2683 833 2748 τὸν
860 2681 961 2760 ἀξονα
989 2683 1051 2746 δύο
1074 2682 1189 2769 τροχοὶ

135 2787 137 2792 ’
176 2784 395 2870 αὐξανόμενοι
425 2789 512 2853 πολὺ
544 2797 646 2873 μῆκος
677 2788 834 2874 παρέχειν
864 2787 885 2872 ἣ
917 2789 954 2854 τὸ
983 2797 1044 2853 τοῦ
1071 2788 1189 2868 ἀξονος

174 2892 278 2976 πάχος
301 2895 442 2959 ἔλασσον
465 2898 656 2979 γινόμενον·
680 2894 765 2974 άπαξ
787 2897 851 2983 γάρ
874 2904 935 2962 τοῦ
955 2893 1072 2974 ἀξονος
1091 2913 1189 2983 στρα-
1202 2916 1229 2958 ει
1301 2946 1302 2957 .

176 2997 296 3083 φύντος
314 3004 530 3086 κινηθήσεται
548 3003 585 3066 τὸ
604 3005 766 3069 πλινθίον
782 3004 983 3087 τηλικαύτην
996 3002 1078 3069 ὁδὸν
1090 3003 1188 3088 ἡλίκη

248 3193 395 3249 1αύτδθ
472 3200 505 3247 12
529 3197 676 3250 καθείσθω
697 3194 733 3251 G:
752 3197 886 3250 καθίσθω
909 3194 962 3249 AT
1040 3203 1073 3251 14
1096 3199 1189 3253 στενό-

175 3285 260 3320 τατον
278 3263 389 3334 soripsi:
409 3263 590 3335 στεγνότατον
606 3281 626 3321 ω
697 3273 731 3321 16
750 3266 991 3337 ἀνενεχθησονται
1004 3269 1046 3324 M:
1065 3268 1189 3339 ἀνεχθή-

176 3357 272 3393 οονται
283 3352 313 3393 a:
329 3335 684 3410 &voxstviaovmhflme
693 3337 724 3391 in
734 3337 844 3392 schedis
854 3336 1037 3394 Schoenianis
1110 3347 1143 3394 18
1157 3339 1191 3395 αί

176 3407 267 3464 om.T
339 3416 373 3464 20
391 3413 506 3477 πολλῆςε
525 3409 645 3479 μεγάλης
658 3409 783 3464 Brinlnn.
856 3414 889 3462 21
911 3410 948 3480 μὴ
968 3426 994 3479 ω,
1014 3410 1117 3466 delevi:
1136 3411 1189 3482 μὲν

175 3481 218 3546 Μ,
236 3479 323 3535 Paris,
344 3480 434 3550 suppl.
450 3486 483 3534 11
561 3477 688 3550 ἕξαρχεῑν
707 3479 730 3532 Τ
807 3485 966 3550 25-398‚2
985 3499 1022 3536 an
1040 3481 1116 3550 ἀπαξ
1137 3525 1187 3538 ...

175 3557 267 3604 ποιεῖν
287 3550 358 3606 dolf?
378 3570 401 3604 v,
416 3551 522 3620 proleg.
542 3552 579 3605 ad
597 3551 642 3621 fig.
659 3557 692 3605 97
