2604 3908
135 204 201 269 374
236 205 385 258 Ηεοαοε
403 201 604 262 mmm.
622 207 709 258 ΠΕΡΙ
727 207 1147 259 ΑννοιιενοιιοιΗΤιΚΗΣ.

135 365 355 453 εἰργασμέναι.
391 377 462 444 ταῖς
485 364 522 432 δὲ
544 372 701 452 χοινικίσι
724 378 887 452 συμφυεῖς
907 371 1054 433 ἔστωσαν
1072 392 1148 453 τρο-

101 472 188 558 3χοὶ
216 479 283 538 ίσοι
311 475 343 539 οἱ
370 478 450 557 ΠΡ,
474 478 548 539 ΣΤ.
595 473 653 539 ἐάν
680 469 743 539 οὖν
764 472 841 561 περὶ
865 471 1021 560 ἑκατέραν
1043 498 1147 558 χοινι-

133 581 211 644 κίδα
241 579 384 666 σπάρτος
413 585 661 666 περιειληθεῖσα
690 579 843 666 ἀποδοθῇ
875 582 921 656 είς
950 581 1011 663 την
1041 579 1078 645 έν
1107 590 1146 667 τῇ

135 687 269 771 σύριγγι
301 689 407 769 λείαν,
441 687 641 770 συμβήσεται
672 685 939 772 καταφερομένης
970 695 1028 769 τῆς
1057 691 1148 764 λείας

134 789 383 875 ἀπειλουμένων
413 799 481 856 τῶν
512 793 668 877 σπαρταν
696 791 953 877 ἐπιστρέφεσθαι
983 795 1047 858 σὺν
1075 805 1148 871 ταῖς
1177 812 1190 852 5

133 902 290 984 χοινικίσι
313 899 392 975 τοὺς
413 901 553 984 τροχοὺς
575 896 630 963 καὶ
654 897 759 974 οὕτως
781 899 818 962 τὸ
841 902 1003 964 πλινθίον
1021 897 1070 964 ἐπ’
1093 901 1148 965 εὐ-

133 1007 228 1081 θείας
264 1004 466 1089 πορεύεσθαι
503 1003 850 1092 σννεπιστρεφομένον
890 1003 944 1069 καὶ
981 1014 1041 1070 τοῦ
1077 1010 1113 1071 K
1116 1010 1148 1071 A

101 2516 263 2598 λτροχοῦ.
305 2512 363 2578 έάν
386 2508 448 2579 οὖν
471 2513 506 2578 έκ
524 2522 591 2578 τῶν
610 2518 649 2578 Π
650 2519 690 2598 Ρ,
710 2519 781 2579 ΣΤ
793 2523 922 2602 τροχῶν
941 2515 958 2580 ὁ
978 2519 1048 2579 ΠΡ
1061 2514 1144 2603 μένη

133 2619 287 2702 ἀκίνητος
319 2621 467 2703 χάλασμα
499 2617 637 2704 έχούσης
668 2630 725 2705 τῆς
752 2619 821 2686 κατ’
856 2620 958 2686 αὐτὸν
987 2622 1145 2708 σπάρτου,

133 2727 409 2813 έπιστραφησεται
437 2726 454 2791 ὁ
483 2730 554 2790 ΣΤ
575 2728 693 2813 τροχὸς
719 2726 774 2792 καὶ
805 2727 1057 2813 σννεπιστρέψει
1087 2731 1146 2795 τὸν
1161 2748 1187 2786 1⁰

134 2837 217 2918 ΚΛ,
246 2835 339 2919 άχρις
366 2827 406 2899 οὗ
434 2833 471 2898 τὸ
500 2832 537 2898 ἐν
564 2843 602 2919 τῇ
627 2837 710 2899 ΜΝ
733 2836 889 2918 χοινικίθι
914 2835 1063 2919 χάλασμα
1085 2845 1146 2902 τοῦ

133 2940 344 3027 μηρύσματος
368 2938 579 3005 ἐπισπάσεται
601 2940 621 3023 ἡ
646 2944 725 3006 λεία.
756 2935 825 3006 εἶτα
847 2941 948 3006 πάλιν
970 2941 1067 3005 τάσιν
1089 2946 1146 3006 λα-

133 3047 257 3132 βούσης
279 3055 337 3130 τῆς
360 3047 517 3132 σπάρτον,
540 3047 606 3131 άμα
629 3048 662 3113 οἱ
681 3052 719 3111 Π
721 3051 760 3132 Ρ,
780 3052 815 3111 Σ
821 3051 850 3111 Τ
868 3045 981 3134 τροχοὶ
1001 3051 1146 3134 στραφη-

134 3172 257 3221 σονται.
297 3151 352 3218 καὶ
377 3152 588 3238 ένεχθησεται
611 3155 648 3218 τὸ
672 3156 833 3220 πλινθίον
856 3152 910 3219 ἐπὶ
932 3153 1066 3231 εὐθείας
1088 3163 1146 3237 της

101 3263 215 3326 ὅκατα
237 3262 298 3344 την
321 3258 525 3346 ἐπιστροφὴν
545 3269 605 3326 τοῦ
623 3264 785 3326 πλινθίου
803 3264 1008 3344 γενηθείσης.
1035 3261 1146 3344 δεήσει
1159 3278 1186 3320 15

207 3440 220 3487 1
246 3431 427 3505 εἰργασμένας
449 3434 472 3487 Τ
558 3440 574 3488 3
597 3438 832 3504 περιειληφθεῖσα
854 3434 877 3487 Τ
967 3441 984 3489 4
1007 3435 1056 3501 καλ
1080 3437 1145 3490 ante

135 3503 303 3576 συμβήσεται
327 3505 430 3559 delevit
449 3505 471 3558 T
545 3511 579 3558 12
598 3505 774 3576 μηράσματος
793 3504 847 3559 scri
868 3505 892 3559 si
911 3509 1022 3577 (μηρνμ.
1041 3525 1068 3576 p.
1084 3511 1145 3575 376,

121 3579 212 3647 ,ιλ-5.
228 3575 267 3644 8):
287 3577 456 3645 μηρίσματος
474 3590 492 3630 a
566 3581 599 3630 14
616 3583 665 3646 της
682 3575 748 3631 AT:
771 3575 822 3645 τὴν
841 3524 866 3631 ὃ
