2574 3918
139 186 207 250 466
289 186 459 239 ΡΗΠιΟΝΙΒ
477 188 527 238 ΒΕ
544 187 704 238 melenus
723 184 1003 238 SPIRITUALIBUS.

138 349 272 414 modum
300 353 333 413 et
360 346 604 412 similitudinem
634 347 762 431 pixidis.
808 345 922 410 deinde
949 349 1166 411 convertetur

138 456 204 520 hoc
221 477 320 520 cornu
339 459 428 519 stans
446 454 480 518 in
498 475 573 519 vase
591 454 739 538 quodum,
757 453 844 538 quod
863 474 917 516 orc
936 452 980 516 sit
1002 451 1163 538 amplum,

140 566 179 626 ut
193 566 242 626 est
261 561 391 646 cyphus.
429 560 507 624 item
526 564 665 644 ponatur
684 559 748 624 alia
765 559 850 643 pixis
869 559 1021 643 plumbea
1039 559 1161 624 subtus

114 731 116 735 ,
140 669 194 733 vel
212 669 311 752 iuxta,
329 668 411 732 bene
429 671 547 751 aptata,
565 671 602 730 ut
626 688 698 731 cum
723 687 804 750 opus
827 665 934 749 fuerit,
956 665 1058 729 nichil
1080 665 1162 730 indo

142 779 235 840 exeat
258 775 349 839 aeris.
396 795 492 857 super
514 774 624 837 ambas
648 793 776 857 quoque
798 772 857 836 has
880 771 1005 856 pixides
1032 773 1161 855 aptabi-

141 886 196 946 tur
228 880 349 945 canaiis
385 879 479 943 valde
515 879 618 944 siccus
655 879 762 962 cupita
796 878 918 942 habens
954 899 1087 943 recurva
1123 883 1162 943 et

144 988 295 1051 deorsum
309 987 375 1050 fere
394 986 434 1050 ud
451 985 586 1050 fundum
606 986 774 1070 utriusque
791 985 911 1069 pixidis
929 984 1160 1070 pertingentia.

140 1093 338 1181 habebitque
365 1092 450 1176 pixis
478 1091 629 1177 plumbea
659 1113 695 1156 os
724 1091 886 1155 modicum
916 1091 1052 1175 desuper
1078 1113 1161 1175 pau-

147 2685 251 2752 lulum
275 2685 321 2751 sic
340 2690 489 2771 erectum,
507 2691 543 2751 ut
567 2709 649 2772 aqua
671 2709 744 2753 cum
767 2709 841 2752 vase
864 2686 972 2773 aliquo
995 2709 1053 2772 per
1075 2687 1157 2753 illud

147 2793 251 2878 possit
280 2792 416 2858 infundi.
461 2794 518 2858 fiat
548 2815 675 2879 quoquo
705 2794 739 2858 in
767 2794 828 2858 hoc
857 2794 964 2878 pixide
995 2795 1156 2861 subterius
1172 2817 1203 2858 10

146 2899 266 2966 canalis
280 2898 363 2964 clius
381 2900 489 2965 brevis
508 2904 540 2964 et
558 2901 712 2986 modicus,
731 2904 768 2965 ut
785 2901 859 2965 inde
878 2905 1047 2966 evacuetur
1066 2925 1157 2988 aqua,

147 3007 274 3093 quondo
297 3007 501 3072 voluerimus.
548 3008 687 3091 exempli
710 3029 805 3072 eausa
828 3007 871 3072 sit
894 3028 993 3072 cornu
1015 3013 1094 3074 nota
1115 3009 1157 3094 A,

146 3117 179 3178 et
193 3114 278 3179 rosis
293 3113 408 3178 similis
423 3113 527 3198 cypho
541 3118 619 3179 nota
630 3114 671 3198 B,
686 3116 718 3176 et
731 3118 809 3178 nota
823 3113 942 3197 pixidis
956 3114 1105 3198 plumbeo
1118 3115 1157 3201 G,

147 3226 180 3285 et
203 3220 322 3286 canalis
345 3221 434 3286 illius
457 3221 548 3305 parvi
571 3225 650 3286 nota
671 3220 715 3305 D,
743 3225 775 3285 et
798 3219 918 3284 canalis
940 3221 1050 3307 magni
1073 3243 1157 3286 com-

147 3328 254 3393 munis
285 3331 363 3391 nota
393 3328 438 3412 E,
471 3331 503 3391 et
535 3327 600 3391 oris
633 3327 737 3411 parvi,
770 3327 855 3411 quod
887 3347 983 3411 super
1014 3328 1157 3411 pixidem
1171 3347 1201 3388 15

146 3435 331 3518 plumbeam
363 3438 425 3519 est,
456 3437 534 3498 nota
564 3433 601 3498 Z.
652 3433 769 3518 quibus
801 3433 951 3498 omnibus
983 3435 1157 3500 secundum

147 3540 234 3624 quod
265 3539 430 3604 docuimus
460 3539 617 3623 coaptatis
648 3540 834 3604 obstinatur
863 3541 982 3606 conche
1011 3540 1157 3606 modicus
