<?xml version="1.0" encoding="UTF-8"?>
<!DOCTYPE html PUBLIC "-//W3C//DTD XHTML 1.0 Transitional//EN"
    "http://www.w3.org/TR/xhtml1/DTD/xhtml1-transitional.dtd">
<html xmlns="http://www.w3.org/1999/xhtml" xml:lang="en" lang="en">
 <head>
  <title>
</title>
<meta http-equiv="Content-Type" content="text/html;charset=utf-8" />
  <meta name='ocr-system' content='tesseract 3.04.00' />
  <meta name='ocr-capabilities' content='ocr_page ocr_carea ocr_par ocr_line ocrx_word'/>
</head>
<body>
  <div class='ocr_page' id='page_1' title='image "./heronisalexandr01schogoog_0091.png"; bbox 0 0 2608 3880; ppageno 0'>
   <div class='ocr_carea' id='block_1_1' title="bbox 37 3564 80 3576">
    <p class='ocr_par' dir='ltr' id='par_1_1' title="bbox 37 3564 80 3576">
     <span class='ocr_line' id='line_1_1' title="bbox 37 3564 80 3576; baseline 0 0"><span class='ocrx_word' id='word_1_1' title='bbox 37 3564 80 3576; x_wconf 67' lang='lat'><em>-=</em></span> 
     </span>
    </p>
   </div>
   <div class='ocr_carea' id='block_1_2' title="bbox 177 165 1068 232">
    <p class='ocr_par' dir='ltr' id='par_1_2' title="bbox 177 165 1068 232">
     <span class='ocr_line' id='line_1_2' title="bbox 177 165 1068 232; baseline 0.001 -12"><span class='ocrx_word' id='word_1_2' title='bbox 177 167 218 232; x_wconf 85' lang='lat'><em>16</em></span> <span class='ocrx_word' id='word_1_3' title='bbox 294 168 444 221; x_wconf 78' lang='grc' dir='ltr'>ΗΡΩΝΟΣ</span> <span class='ocrx_word' id='word_1_4' title='bbox 462 165 729 227; x_wconf 79' lang='grc' dir='ltr'><strong>ΑΔΕΞΑΝΔΡΕΩΣ</strong></span> <span class='ocrx_word' id='word_1_5' title='bbox 749 167 1018 220; x_wconf 78' lang='grc' dir='ltr'><strong>ΠΝΕΤΜΑΤΙΚΩΝ</strong></span> <span class='ocrx_word' id='word_1_6' title='bbox 1036 170 1068 221; x_wconf 80' lang='grc' dir='ltr'><em>Α.</em></span> 
     </span>
    </p>
   </div>
   <div class='ocr_carea' id='block_1_3' title="bbox 170 327 1227 1800">
    <p class='ocr_par' dir='ltr' id='par_1_3' title="bbox 170 327 1227 1800">
     <span class='ocr_line' id='line_1_3' title="bbox 176 327 1189 417; baseline -0.002 -21"><span class='ocrx_word' id='word_1_7' title='bbox 176 328 374 417; x_wconf 80' lang='grc' dir='ltr'><em>φερομένην,</em></span> <span class='ocrx_word' id='word_1_8' title='bbox 389 328 458 395; x_wconf 87' lang='grc' dir='ltr'><em>ἀλλ’</em></span> <span class='ocrx_word' id='word_1_9' title='bbox 474 332 583 415; x_wconf 80' lang='grc' dir='ltr'><em>ὥσπερ</em></span> <span class='ocrx_word' id='word_1_10' title='bbox 597 337 818 415; x_wconf 77' lang='grc' dir='ltr'><em>κερασθεῖσαν</em></span> <span class='ocrx_word' id='word_1_11' title='bbox 831 327 886 394; x_wconf 83' lang='grc' dir='ltr'><em>καὶ</em></span> <span class='ocrx_word' id='word_1_12' title='bbox 897 334 1189 415; x_wconf 82' lang='grc' dir='ltr'><em>παραπλεχθεῖσαν</em></span> 
     </span>
     <span class='ocr_line' id='line_1_4' title="bbox 174 434 1187 522; baseline -0.003 -19"><span class='ocrx_word' id='word_1_13' title='bbox 174 448 244 514; x_wconf 89' lang='grc' dir='ltr'><em>τοῖς</em></span> <span class='ocrx_word' id='word_1_14' title='bbox 271 445 330 502; x_wconf 90' lang='grc' dir='ltr'><em>τοῦ</em></span> <span class='ocrx_word' id='word_1_15' title='bbox 358 435 455 522; x_wconf 87' lang='grc' dir='ltr'><em>ἀέρος</em></span> <span class='ocrx_word' id='word_1_16' title='bbox 484 437 611 522; x_wconf 83' lang='grc' dir='ltr'><em>σώμασι</em></span> <span class='ocrx_word' id='word_1_17' title='bbox 638 435 692 501; x_wconf 79' lang='grc' dir='ltr'><em>καί</em></span> <span class='ocrx_word' id='word_1_18' title='bbox 720 436 825 519; x_wconf 77' lang='grc' dir='ltr'><em>αὐτὴν</em></span> <span class='ocrx_word' id='word_1_19' title='bbox 851 434 932 522; x_wconf 87' lang='grc' dir='ltr'><em>ἀέρα</em></span> <span class='ocrx_word' id='word_1_20' title='bbox 959 434 1126 517; x_wconf 77' lang='grc' dir='ltr'><em>γενέσθαι.</em></span> <span class='ocrx_word' id='word_1_21' title='bbox 1149 437 1187 501; x_wconf 85' lang='grc' dir='ltr'><em>τὸ</em></span> 
     </span>
     <span class='ocr_line' id='line_1_5' title="bbox 176 540 1187 628; baseline -0.001 -20"><span class='ocrx_word' id='word_1_22' title='bbox 176 541 214 609; x_wconf 72' lang='grc' dir='ltr'><em>δέ</em></span> <span class='ocrx_word' id='word_1_23' title='bbox 241 543 358 627; x_wconf 82' lang='grc' dir='ltr'><em>ὅμοιον</em></span> <span class='ocrx_word' id='word_1_24' title='bbox 380 542 526 609; x_wconf 80' lang='grc' dir='ltr'><em>ἐπινοεῖν</em></span> <span class='ocrx_word' id='word_1_25' title='bbox 549 545 601 610; x_wconf 92' lang='grc' dir='ltr'><em>δεῖ</em></span> <span class='ocrx_word' id='word_1_26' title='bbox 628 541 683 608; x_wconf 79' lang='grc' dir='ltr'><em>καί</em></span> <span class='ocrx_word' id='word_1_27' title='bbox 711 541 764 609; x_wconf 82' lang='grc' dir='ltr'><em>ἐπὶ</em></span> <span class='ocrx_word' id='word_1_28' title='bbox 791 551 851 609; x_wconf 87' lang='grc' dir='ltr'><em>τοῦ</em></span> <span class='ocrx_word' id='word_1_29' title='bbox 881 540 990 628; x_wconf 89' lang='grc' dir='ltr'><em>ἀέρος·</em></span> <span class='ocrx_word' id='word_1_30' title='bbox 1017 541 1098 607; x_wconf 82' lang='grc' dir='ltr'><em>ὅταν</em></span> <span class='ocrx_word' id='word_1_31' title='bbox 1123 543 1187 628; x_wconf 82' lang='grc' dir='ltr'><em>γάρ</em></span> 
     </span>
     <span class='ocr_line' id='line_1_6' title="bbox 175 645 1188 736; baseline -0.005 -18"><span class='ocrx_word' id='word_1_32' title='bbox 175 647 273 727; x_wconf 87' lang='grc' dir='ltr'><em>οὗτος</em></span> <span class='ocrx_word' id='word_1_33' title='bbox 300 657 348 727; x_wconf 86' lang='grc' dir='ltr'><em>είς</em></span> <span class='ocrx_word' id='word_1_34' title='bbox 374 674 407 715; x_wconf 92' lang='grc' dir='ltr'><em>τι</em></span> <span class='ocrx_word' id='word_1_35' title='bbox 434 649 570 734; x_wconf 86' lang='grc' dir='ltr'><em>ἀγγεῖον</em></span> <span class='ocrx_word' id='word_1_36' title='bbox 597 650 636 716; x_wconf 89' lang='grc' dir='ltr'><em>ού</em></span> <span class='ocrx_word' id='word_1_37' title='bbox 664 645 747 734; x_wconf 86' lang='grc' dir='ltr'><em>μέγα</em></span> <span class='ocrx_word' id='word_1_38' title='bbox 776 650 926 736; x_wconf 84' lang='grc' dir='ltr'><em>ὑπάρχον</em></span> <span class='ocrx_word' id='word_1_39' title='bbox 951 647 1007 714; x_wconf 85' lang='grc' dir='ltr'><em>καὶ</em></span> <span class='ocrx_word' id='word_1_40' title='bbox 1030 647 1188 731; x_wconf 84' lang='grc' dir='ltr'><em>έστεγνω-</em></span> 
     </span>
     <span class='ocr_line' id='line_1_7' title="bbox 175 751 1227 844; baseline -0.004 -22"><span class='ocrx_word' id='word_1_41' title='bbox 175 756 277 842; x_wconf 90' lang='grc' dir='ltr'><em>μένον</em></span> <span class='ocrx_word' id='word_1_42' title='bbox 305 757 352 832; x_wconf 87' lang='grc' dir='ltr'><em>είς</em></span> <span class='ocrx_word' id='word_1_43' title='bbox 382 756 474 843; x_wconf 79' lang='grc' dir='ltr'><em>ὕδωρ</em></span> <span class='ocrx_word' id='word_1_44' title='bbox 507 757 571 821; x_wconf 87' lang='grc' dir='ltr'><em>σὺν</em></span> <span class='ocrx_word' id='word_1_45' title='bbox 593 764 639 844; x_wconf 72' lang='grc' dir='ltr'><em>τῷ</em></span> <span class='ocrx_word' id='word_1_46' title='bbox 662 756 782 844; x_wconf 83' lang='grc' dir='ltr'><em>ἀγγείφ</em></span> <span class='ocrx_word' id='word_1_47' title='bbox 805 762 984 842; x_wconf 75' lang='grc' dir='ltr'><em>κατατεθῇ,</em></span> <span class='ocrx_word' id='word_1_48' title='bbox 1012 751 1082 821; x_wconf 82' lang='grc' dir='ltr'><em>εἶτα</em></span> <span class='ocrx_word' id='word_1_49' title='bbox 1108 754 1187 820; x_wconf 89' lang='grc' dir='ltr'><em>ἀνα-</em></span> <span class='ocrx_word' id='word_1_50' title='bbox 1214 776 1227 816; x_wconf 81' lang='grc' dir='ltr'><em>ο</em></span> 
     </span>
     <span class='ocr_line' id='line_1_8' title="bbox 175 860 1185 948; baseline -0.004 -18"><span class='ocrx_word' id='word_1_51' title='bbox 175 862 406 948; x_wconf 72' lang='grc' dir='ltr'><em>στομωθέντος</em></span> <span class='ocrx_word' id='word_1_52' title='bbox 432 871 492 927; x_wconf 87' lang='grc' dir='ltr'><em>τοῦ</em></span> <span class='ocrx_word' id='word_1_53' title='bbox 520 861 656 946; x_wconf 77' lang='grc' dir='ltr'><em>ἀγγείου</em></span> <span class='ocrx_word' id='word_1_54' title='bbox 682 860 737 927; x_wconf 79' lang='grc' dir='ltr'><em>καί</em></span> <span class='ocrx_word' id='word_1_55' title='bbox 766 863 803 927; x_wconf 91' lang='grc' dir='ltr'><em>τὸ</em></span> <span class='ocrx_word' id='word_1_56' title='bbox 828 864 965 947; x_wconf 89' lang='grc' dir='ltr'><em>στόμιον</em></span> <span class='ocrx_word' id='word_1_57' title='bbox 986 864 1033 938; x_wconf 85' lang='grc' dir='ltr'><em>είς</em></span> <span class='ocrx_word' id='word_1_58' title='bbox 1055 863 1092 927; x_wconf 89' lang='grc' dir='ltr'><em>τὸ</em></span> <span class='ocrx_word' id='word_1_59' title='bbox 1117 863 1185 926; x_wconf 85' lang='grc' dir='ltr'><em>ἀνω</em></span> 
     </span>
     <span class='ocr_line' id='line_1_9' title="bbox 175 964 1186 1055; baseline -0.003 -19"><span class='ocrx_word' id='word_1_60' title='bbox 175 973 309 1055; x_wconf 81' lang='grc' dir='ltr'><em>ἔχοντος</em></span> <span class='ocrx_word' id='word_1_61' title='bbox 338 971 375 1033; x_wconf 91' lang='grc' dir='ltr'><em>τὸ</em></span> <span class='ocrx_word' id='word_1_62' title='bbox 403 969 494 1055; x_wconf 82' lang='grc' dir='ltr'><em>ὕδωρ</em></span> <span class='ocrx_word' id='word_1_63' title='bbox 527 967 663 1054; x_wconf 88' lang='grc' dir='ltr'><em>έμπέση,</em></span> <span class='ocrx_word' id='word_1_64' title='bbox 691 968 709 1034; x_wconf 87' lang='grc' dir='ltr'><strong>ὁ</strong></span> <span class='ocrx_word' id='word_1_65' title='bbox 737 964 798 1053; x_wconf 72' lang='grc' dir='ltr'><em>μέν</em></span> <span class='ocrx_word' id='word_1_66' title='bbox 825 968 887 1055; x_wconf 82' lang='grc' dir='ltr'><em>ἀηρ</em></span> <span class='ocrx_word' id='word_1_67' title='bbox 911 968 1045 1054; x_wconf 86' lang='grc' dir='ltr'><em>έκχωρεῖ</em></span> <span class='ocrx_word' id='word_1_68' title='bbox 1068 967 1103 1033; x_wconf 88' lang='grc' dir='ltr'><em>έκ</em></span> <span class='ocrx_word' id='word_1_69' title='bbox 1126 978 1186 1033; x_wconf 90' lang='grc' dir='ltr'><em>τοῦ</em></span> 
     </span>
     <span class='ocr_line' id='line_1_10' title="bbox 175 1072 1186 1161; baseline 0 -21"><span class='ocrx_word' id='word_1_70' title='bbox 175 1075 322 1160; x_wconf 89' lang='grc' dir='ltr'><em>ἀγγείου,</em></span> <span class='ocrx_word' id='word_1_71' title='bbox 340 1073 599 1161; x_wconf 76' lang='grc' dir='ltr'><em>κατακρατηθεὶς</em></span> <span class='ocrx_word' id='word_1_72' title='bbox 617 1072 655 1140; x_wconf 74' lang='grc' dir='ltr'><em>δὲ</em></span> <span class='ocrx_word' id='word_1_73' title='bbox 673 1075 709 1140; x_wconf 82' lang='grc' dir='ltr'><em>ἐκ</em></span> <span class='ocrx_word' id='word_1_74' title='bbox 726 1085 787 1141; x_wconf 88' lang='grc' dir='ltr'><em>τοῦ</em></span> <span class='ocrx_word' id='word_1_75' title='bbox 805 1080 932 1141; x_wconf 89' lang='grc' dir='ltr'><em>πολλοῦ</em></span> <span class='ocrx_word' id='word_1_76' title='bbox 950 1075 1072 1152; x_wconf 87' lang='grc' dir='ltr'><em>ύδατος</em></span> <span class='ocrx_word' id='word_1_77' title='bbox 1085 1075 1186 1140; x_wconf 88' lang='grc' dir='ltr'><em>πάλιν</em></span> 
     </span>
     <span class='ocr_line' id='line_1_11' title="bbox 174 1179 1186 1267; baseline 0 -21"><span class='ocrx_word' id='word_1_78' title='bbox 174 1182 374 1267; x_wconf 79' lang='grc' dir='ltr'><em>κεράννυται</em></span> <span class='ocrx_word' id='word_1_79' title='bbox 399 1179 455 1246; x_wconf 86' lang='grc' dir='ltr'><em>καὶ</em></span> <span class='ocrx_word' id='word_1_80' title='bbox 480 1183 763 1267; x_wconf 87' lang='grc' dir='ltr'><em>παραπλάσσεται,</em></span> <span class='ocrx_word' id='word_1_81' title='bbox 793 1183 876 1247; x_wconf 73' lang='grc' dir='ltr'><em>ὥστε</em></span> <span class='ocrx_word' id='word_1_82' title='bbox 905 1182 996 1267; x_wconf 81' lang='grc' dir='ltr'><em>ὕδωρ</em></span> <span class='ocrx_word' id='word_1_83' title='bbox 1019 1180 1186 1265; x_wconf 77' lang='grc' dir='ltr'><em>γενέσθαι.</em></span> 
     </span>
     <span class='ocr_line' id='line_1_12' title="bbox 174 1283 1226 1375; baseline -0.003 -23"><span class='ocrx_word' id='word_1_84' title='bbox 174 1287 280 1364; x_wconf 79' lang='grc' dir='ltr'><em>οὕτως</em></span> <span class='ocrx_word' id='word_1_85' title='bbox 312 1283 374 1353; x_wconf 87' lang='grc' dir='ltr'><em>οὖν</em></span> <span class='ocrx_word' id='word_1_86' title='bbox 402 1286 457 1353; x_wconf 83' lang='grc' dir='ltr'><em>καὶ</em></span> <span class='ocrx_word' id='word_1_87' title='bbox 485 1297 546 1354; x_wconf 88' lang='grc' dir='ltr'><em>τοῦ</em></span> <span class='ocrx_word' id='word_1_88' title='bbox 576 1287 613 1353; x_wconf 88' lang='grc' dir='ltr'><em>έν</em></span> <span class='ocrx_word' id='word_1_89' title='bbox 639 1298 678 1374; x_wconf 78' lang='grc' dir='ltr'><em>τῇ</em></span> <span class='ocrx_word' id='word_1_90' title='bbox 707 1289 806 1375; x_wconf 81' lang='grc' dir='ltr'><em>σικύηι</em></span> <span class='ocrx_word' id='word_1_91' title='bbox 832 1287 929 1374; x_wconf 81' lang='grc' dir='ltr'><em>ἀέρος</em></span> <span class='ocrx_word' id='word_1_92' title='bbox 958 1286 1186 1374; x_wconf 75' lang='grc' dir='ltr'><em>φθειρομένου</em></span> <span class='ocrx_word' id='word_1_93' title='bbox 1200 1309 1226 1349; x_wconf 83' lang='grc' dir='ltr'><em>ιο</em></span> 
     </span>
     <span class='ocr_line' id='line_1_13' title="bbox 173 1394 1185 1482; baseline -0.003 -21"><span class='ocrx_word' id='word_1_94' title='bbox 173 1394 229 1461; x_wconf 86' lang='grc' dir='ltr'><em>καὶ</em></span> <span class='ocrx_word' id='word_1_95' title='bbox 247 1394 492 1480; x_wconf 76' lang='grc' dir='ltr'><em>λεπτυνομένου</em></span> <span class='ocrx_word' id='word_1_96' title='bbox 510 1396 575 1461; x_wconf 83' lang='grc' dir='ltr'><em>ὑπὸ</em></span> <span class='ocrx_word' id='word_1_97' title='bbox 595 1405 655 1462; x_wconf 85' lang='grc' dir='ltr'><em>τοῦ</em></span> <span class='ocrx_word' id='word_1_98' title='bbox 673 1397 778 1482; x_wconf 86' lang='grc' dir='ltr'><em>πυρὸς</em></span> <span class='ocrx_word' id='word_1_99' title='bbox 796 1394 851 1460; x_wconf 81' lang='grc' dir='ltr'><em>καὶ</em></span> <span class='ocrx_word' id='word_1_100' title='bbox 867 1396 1115 1471; x_wconf 76' lang='grc' dir='ltr'><em>διεκπίπτοντος</em></span> <span class='ocrx_word' id='word_1_101' title='bbox 1130 1395 1185 1459; x_wconf 89' lang='grc' dir='ltr'><em>διά</em></span> 
     </span>
     <span class='ocr_line' id='line_1_14' title="bbox 171 1500 1186 1587; baseline -0.004 -20"><span class='ocrx_word' id='word_1_102' title='bbox 171 1514 241 1568; x_wconf 82' lang='grc' dir='ltr'><em>τῶν</em></span> <span class='ocrx_word' id='word_1_103' title='bbox 276 1511 337 1567; x_wconf 86' lang='grc' dir='ltr'><em>τοῦ</em></span> <span class='ocrx_word' id='word_1_104' title='bbox 373 1503 509 1586; x_wconf 85' lang='grc' dir='ltr'><em>τεύχους</em></span> <span class='ocrx_word' id='word_1_105' title='bbox 549 1501 767 1587; x_wconf 77' lang='grc' dir='ltr'><em>ἀραιωμάτων</em></span> <span class='ocrx_word' id='word_1_106' title='bbox 803 1500 1002 1584; x_wconf 83' lang='grc' dir='ltr'><em>κενούμενος</em></span> <span class='ocrx_word' id='word_1_107' title='bbox 1038 1500 1055 1565; x_wconf 87' lang='grc' dir='ltr'>ὁ</span> <span class='ocrx_word' id='word_1_108' title='bbox 1093 1500 1186 1576; x_wconf 84' lang='grc' dir='ltr'><em>ἐντὸς</em></span> 
     </span>
     <span class='ocr_line' id='line_1_15' title="bbox 170 1605 1186 1693; baseline -0.004 -19"><span class='ocrx_word' id='word_1_109' title='bbox 170 1612 273 1686; x_wconf 86' lang='grc' dir='ltr'><em>τύπος</em></span> <span class='ocrx_word' id='word_1_110' title='bbox 301 1606 475 1673; x_wconf 82' lang='grc' dir='ltr'><em>ἐπισπᾶται</em></span> <span class='ocrx_word' id='word_1_111' title='bbox 499 1610 560 1692; x_wconf 84' lang='grc' dir='ltr'><em>τὴν</em></span> <span class='ocrx_word' id='word_1_112' title='bbox 582 1605 826 1693; x_wconf 86' lang='grc' dir='ltr'><em>παρακειμένην</em></span> <span class='ocrx_word' id='word_1_113' title='bbox 848 1606 948 1689; x_wconf 83' lang='grc' dir='ltr'><em>ὕλην,</em></span> <span class='ocrx_word' id='word_1_114' title='bbox 977 1605 1032 1670; x_wconf 79' lang='grc' dir='ltr'><em>οἵα</em></span> <span class='ocrx_word' id='word_1_115' title='bbox 1054 1629 1104 1681; x_wconf 87' lang='grc' dir='ltr'><em>τις</em></span> <span class='ocrx_word' id='word_1_116' title='bbox 1127 1605 1186 1670; x_wconf 87' lang='grc' dir='ltr'><em>έάν</em></span> 
     </span>
     <span class='ocr_line' id='line_1_16' title="bbox 174 1708 1186 1800; baseline -0.004 -19"><span class='ocrx_word' id='word_1_117' title='bbox 174 1716 334 1800; x_wconf 77' lang='grc' dir='ltr'><em>τυγχάνῃ·</em></span> <span class='ocrx_word' id='word_1_118' title='bbox 356 1715 631 1800; x_wconf 89' lang='grc' dir='ltr'><em>παραπνευσάσης</em></span> <span class='ocrx_word' id='word_1_119' title='bbox 654 1711 691 1779; x_wconf 80' lang='grc' dir='ltr'><em>δέ</em></span> <span class='ocrx_word' id='word_1_120' title='bbox 713 1722 771 1797; x_wconf 79' lang='grc' dir='ltr'><em>τῆς</em></span> <span class='ocrx_word' id='word_1_121' title='bbox 793 1712 909 1788; x_wconf 85' lang='grc' dir='ltr'><em>σικύας</em></span> <span class='ocrx_word' id='word_1_122' title='bbox 931 1711 949 1777; x_wconf 87' lang='grc' dir='ltr'><strong>ὁ</strong></span> <span class='ocrx_word' id='word_1_123' title='bbox 972 1708 1034 1796; x_wconf 71' lang='grc' dir='ltr'><em>μὲν</em></span> <span class='ocrx_word' id='word_1_124' title='bbox 1057 1711 1119 1798; x_wconf 80' lang='grc' dir='ltr'><em>ἀὴρ</em></span> <span class='ocrx_word' id='word_1_125' title='bbox 1139 1714 1186 1790; x_wconf 85' lang='grc' dir='ltr'><em>είς</em></span> 
     </span>
    </p>
   </div>
   <div class='ocr_carea' id='block_1_4' title="bbox 38 1815 1225 1906">
    <p class='ocr_par' dir='ltr' id='par_1_4' title="bbox 38 1815 1225 1906">
     <span class='ocr_line' id='line_1_17' title="bbox 38 1815 1225 1906; baseline -0.008 -19"><span class='ocrx_word' id='word_1_126' title='bbox 38 1861 41 1868; x_wconf 83' lang='grc'><em>·</em></span> <span class='ocrx_word' id='word_1_127' title='bbox 138 1901 140 1906; x_wconf 23' lang='grc' dir='ltr'>Ι</span> <span class='ocrx_word' id='word_1_128' title='bbox 172 1823 235 1888; x_wconf 87' lang='grc' dir='ltr'><em>τὸν</em></span> <span class='ocrx_word' id='word_1_129' title='bbox 263 1822 465 1906; x_wconf 89' lang='grc' dir='ltr'><em>κενούμενον</em></span> <span class='ocrx_word' id='word_1_130' title='bbox 493 1824 597 1886; x_wconf 88' lang='grc' dir='ltr'><em>τύπον</em></span> <span class='ocrx_word' id='word_1_131' title='bbox 624 1822 795 1902; x_wconf 81' lang='grc' dir='ltr'><em>εἰσπίπτει,</em></span> <span class='ocrx_word' id='word_1_132' title='bbox 823 1828 880 1903; x_wconf 79' lang='grc' dir='ltr'><em>τῆς</em></span> <span class='ocrx_word' id='word_1_133' title='bbox 907 1815 944 1883; x_wconf 71' lang='grc' dir='ltr'><em>δὲ</em></span> <span class='ocrx_word' id='word_1_134' title='bbox 970 1818 1052 1901; x_wconf 86' lang='grc' dir='ltr'><em>ύλης</em></span> <span class='ocrx_word' id='word_1_135' title='bbox 1075 1818 1184 1885; x_wconf 91' lang='grc' dir='ltr'><em>ούκέτι</em></span> <span class='ocrx_word' id='word_1_136' title='bbox 1199 1839 1225 1879; x_wconf 85' lang='lat'><em>15</em></span> 
     </span>
    </p>
   </div>
   <div class='ocr_carea' id='block_1_5' title="bbox 171 1921 1225 3468">
    <p class='ocr_par' dir='ltr' id='par_1_5' title="bbox 171 1921 1225 3468">
     <span class='ocr_line' id='line_1_18' title="bbox 174 1921 1185 2010; baseline -0.003 -17"><span class='ocrx_word' id='word_1_137' title='bbox 174 1924 276 1994; x_wconf 75' lang='grc' dir='ltr'><em>οὐδὲν</em></span> <span class='ocrx_word' id='word_1_138' title='bbox 313 1926 532 1993; x_wconf 84' lang='grc' dir='ltr'><em>ἐπισπάσεται.</em></span> <span class='ocrx_word' id='word_1_139' title='bbox 571 1937 640 2004; x_wconf 87' lang='grc' dir='ltr'><em>τοῖς</em></span> <span class='ocrx_word' id='word_1_140' title='bbox 677 1921 739 1992; x_wconf 85' lang='grc' dir='ltr'><em>οὖν</em></span> <span class='ocrx_word' id='word_1_141' title='bbox 775 1924 935 2010; x_wconf 83' lang='grc' dir='ltr'><em>φαμένοις</em></span> <span class='ocrx_word' id='word_1_142' title='bbox 966 1927 1003 1990; x_wconf 90' lang='grc' dir='ltr'><em>τὸ</em></span> <span class='ocrx_word' id='word_1_143' title='bbox 1035 1927 1185 1991; x_wconf 74' lang='grc' dir='ltr'><em>καθόλου</em></span> 
     </span>
     <span class='ocr_line' id='line_1_19' title="bbox 172 2029 1186 2120; baseline -0.002 -21"><span class='ocrx_word' id='word_1_144' title='bbox 172 2031 279 2120; x_wconf 71' lang='grc' dir='ltr'><em>μηδὲν</em></span> <span class='ocrx_word' id='word_1_145' title='bbox 301 2029 387 2099; x_wconf 84' lang='grc' dir='ltr'><em>εἶναι</em></span> <span class='ocrx_word' id='word_1_146' title='bbox 410 2035 509 2100; x_wconf 89' lang='grc' dir='ltr'><em>κενὸν</em></span> <span class='ocrx_word' id='word_1_147' title='bbox 531 2033 656 2099; x_wconf 77' lang='grc' dir='ltr'><em>ἐκποιεῖ</em></span> <span class='ocrx_word' id='word_1_148' title='bbox 672 2035 756 2120; x_wconf 88' lang='grc' dir='ltr'><em>πρὸς</em></span> <span class='ocrx_word' id='word_1_149' title='bbox 774 2042 876 2098; x_wconf 89' lang='grc' dir='ltr'><em>ταῦτα</em></span> <span class='ocrx_word' id='word_1_150' title='bbox 893 2033 1001 2097; x_wconf 89' lang='grc' dir='ltr'><em>πολλά</em></span> <span class='ocrx_word' id='word_1_151' title='bbox 1019 2032 1186 2119; x_wconf 87' lang='grc' dir='ltr'><em>εὑρίσκειν</em></span> 
     </span>
     <span class='ocr_line' id='line_1_20' title="bbox 175 2140 1186 2228; baseline -0.003 -21"><span class='ocrx_word' id='word_1_152' title='bbox 175 2141 407 2228; x_wconf 80' lang='grc' dir='ltr'><em>ἐπιχειρήματα</em></span> <span class='ocrx_word' id='word_1_153' title='bbox 437 2140 493 2206; x_wconf 85' lang='grc' dir='ltr'><em>καὶ</em></span> <span class='ocrx_word' id='word_1_154' title='bbox 524 2141 606 2225; x_wconf 90' lang='grc' dir='ltr'><em>τάχα</em></span> <span class='ocrx_word' id='word_1_155' title='bbox 637 2143 818 2224; x_wconf 74' lang='grc' dir='ltr'><em>φαίνεσθαι</em></span> <span class='ocrx_word' id='word_1_156' title='bbox 849 2147 896 2228; x_wconf 77' lang='grc' dir='ltr'><em>τῷ</em></span> <span class='ocrx_word' id='word_1_157' title='bbox 922 2142 1010 2226; x_wconf 79' lang='grc' dir='ltr'><em>λόγῳ</em></span> <span class='ocrx_word' id='word_1_158' title='bbox 1036 2146 1186 2205; x_wconf 82' lang='grc' dir='ltr'><em>πιθανω-</em></span> 
     </span>
     <span class='ocr_line' id='line_1_21' title="bbox 173 2243 1184 2334; baseline -0.003 -21"><span class='ocrx_word' id='word_1_159' title='bbox 173 2247 290 2334; x_wconf 87' lang='grc' dir='ltr'><em>τέρους</em></span> <span class='ocrx_word' id='word_1_160' title='bbox 316 2249 476 2332; x_wconf 78' lang='grc' dir='ltr'><em>μηδεμιᾶς</em></span> <span class='ocrx_word' id='word_1_161' title='bbox 497 2243 737 2332; x_wconf 86' lang='grc' dir='ltr'><em>παρακειμένης</em></span> <span class='ocrx_word' id='word_1_162' title='bbox 759 2247 953 2329; x_wconf 78' lang='grc' dir='ltr'><em>αἰσθητικῆς</em></span> <span class='ocrx_word' id='word_1_163' title='bbox 976 2245 1184 2323; x_wconf 82' lang='grc' dir='ltr'><em>ἀποδείξεως·</em></span> 
     </span>
     <span class='ocr_line' id='line_1_22' title="bbox 175 2350 1225 2438; baseline -0.002 -19"><span class='ocrx_word' id='word_1_164' title='bbox 175 2354 234 2420; x_wconf 84' lang='grc' dir='ltr'><em>έάν</em></span> <span class='ocrx_word' id='word_1_165' title='bbox 260 2353 373 2438; x_wconf 88' lang='grc' dir='ltr'><em>μέντοι</em></span> <span class='ocrx_word' id='word_1_166' title='bbox 401 2355 518 2438; x_wconf 76' lang='grc' dir='ltr'><em>δειχθῇ</em></span> <span class='ocrx_word' id='word_1_167' title='bbox 546 2350 600 2417; x_wconf 80' lang='grc' dir='ltr'><em>ἐπὶ</em></span> <span class='ocrx_word' id='word_1_168' title='bbox 626 2363 693 2417; x_wconf 82' lang='grc' dir='ltr'><em>τῶν</em></span> <span class='ocrx_word' id='word_1_169' title='bbox 721 2350 933 2436; x_wconf 86' lang='grc' dir='ltr'><em>φαινομέναν</em></span> <span class='ocrx_word' id='word_1_170' title='bbox 957 2351 1013 2416; x_wconf 81' lang='grc' dir='ltr'><em>καὶ</em></span> <span class='ocrx_word' id='word_1_171' title='bbox 1035 2351 1101 2417; x_wconf 87' lang='grc' dir='ltr'><em>ὑπὸ</em></span> <span class='ocrx_word' id='word_1_172' title='bbox 1124 2354 1186 2436; x_wconf 84' lang='grc' dir='ltr'><em>τὴν</em></span> <span class='ocrx_word' id='word_1_173' title='bbox 1200 2371 1225 2410; x_wconf 78' lang='lat'><em>20</em></span> 
     </span>
     <span class='ocr_line' id='line_1_23' title="bbox 174 2455 1185 2544; baseline 0 -20"><span class='ocrx_word' id='word_1_174' title='bbox 174 2465 335 2542; x_wconf 75' lang='grc' dir='ltr'><em>αἴσθησιν</em></span> <span class='ocrx_word' id='word_1_175' title='bbox 365 2461 569 2542; x_wconf 86' lang='grc' dir='ltr'><em>πιπτόντων,</em></span> <span class='ocrx_word' id='word_1_176' title='bbox 601 2457 652 2522; x_wconf 80' lang='grc' dir='ltr'><em>ὅτι</em></span> <span class='ocrx_word' id='word_1_177' title='bbox 683 2458 782 2522; x_wconf 92' lang='grc' dir='ltr'><em>κενὸν</em></span> <span class='ocrx_word' id='word_1_178' title='bbox 813 2459 945 2543; x_wconf 74' lang='grc' dir='ltr'><em>ἄθρουν</em></span> <span class='ocrx_word' id='word_1_179' title='bbox 977 2455 1068 2522; x_wconf 81' lang='grc' dir='ltr'><em>ἐστὶν</em></span> <span class='ocrx_word' id='word_1_180' title='bbox 1096 2461 1185 2544; x_wconf 85' lang='grc' dir='ltr'><em>παρὰ</em></span> 
     </span>
     <span class='ocr_line' id='line_1_24' title="bbox 171 2561 1185 2651; baseline -0.002 -21"><span class='ocrx_word' id='word_1_181' title='bbox 171 2567 279 2651; x_wconf 89' lang='grc' dir='ltr'><em>φύσιν</em></span> <span class='ocrx_word' id='word_1_182' title='bbox 308 2563 421 2650; x_wconf 90' lang='grc' dir='ltr'><em>μέντοι</em></span> <span class='ocrx_word' id='word_1_183' title='bbox 452 2566 645 2648; x_wconf 89' lang='grc' dir='ltr'><em>γινόμενον,</em></span> <span class='ocrx_word' id='word_1_184' title='bbox 674 2562 730 2628; x_wconf 84' lang='grc' dir='ltr'><em>καλ</em></span> <span class='ocrx_word' id='word_1_185' title='bbox 761 2565 842 2628; x_wconf 91' lang='grc' dir='ltr'><em>κατά</em></span> <span class='ocrx_word' id='word_1_186' title='bbox 866 2565 970 2648; x_wconf 90' lang='grc' dir='ltr'><em>φύσιν</em></span> <span class='ocrx_word' id='word_1_187' title='bbox 992 2561 1054 2649; x_wconf 71' lang='grc' dir='ltr'><em>μὲν</em></span> <span class='ocrx_word' id='word_1_188' title='bbox 1075 2568 1185 2648; x_wconf 87' lang='grc' dir='ltr'><em>κενόν,</em></span> 
     </span>
     <span class='ocr_line' id='line_1_25' title="bbox 171 2667 1185 2756; baseline -0.001 -19"><span class='ocrx_word' id='word_1_189' title='bbox 171 2673 256 2738; x_wconf 85' lang='grc' dir='ltr'><em>κατά</em></span> <span class='ocrx_word' id='word_1_190' title='bbox 283 2673 384 2738; x_wconf 89' lang='grc' dir='ltr'><em>λεπτά</em></span> <span class='ocrx_word' id='word_1_191' title='bbox 411 2668 448 2736; x_wconf 80' lang='grc' dir='ltr'><em>δέ</em></span> <span class='ocrx_word' id='word_1_192' title='bbox 474 2667 765 2756; x_wconf 88' lang='grc' dir='ltr'><em>παρεσπαρμένον,</em></span> <span class='ocrx_word' id='word_1_193' title='bbox 793 2668 849 2735; x_wconf 86' lang='grc' dir='ltr'><em>καὶ</em></span> <span class='ocrx_word' id='word_1_194' title='bbox 872 2671 922 2736; x_wconf 79' lang='grc' dir='ltr'><em>ὅτι</em></span> <span class='ocrx_word' id='word_1_195' title='bbox 944 2672 1027 2735; x_wconf 89' lang='grc' dir='ltr'><em>κατά</em></span> <span class='ocrx_word' id='word_1_196' title='bbox 1049 2672 1185 2752; x_wconf 76' lang='grc' dir='ltr'><em>πίλησιν</em></span> 
     </span>
     <span class='ocr_line' id='line_1_26' title="bbox 174 2775 1185 2863; baseline -0.003 -20"><span class='ocrx_word' id='word_1_197' title='bbox 174 2781 214 2843; x_wconf 87' lang='grc' dir='ltr'><em>τά</em></span> <span class='ocrx_word' id='word_1_198' title='bbox 242 2778 375 2861; x_wconf 80' lang='grc' dir='ltr'><em>σώματα</em></span> <span class='ocrx_word' id='word_1_199' title='bbox 401 2775 587 2862; x_wconf 89' lang='grc' dir='ltr'><em>ἀναπληροῖ</em></span> <span class='ocrx_word' id='word_1_200' title='bbox 615 2778 655 2842; x_wconf 88' lang='grc' dir='ltr'><em>τά</em></span> <span class='ocrx_word' id='word_1_201' title='bbox 685 2775 939 2863; x_wconf 88' lang='grc' dir='ltr'><em>παρεσπαρμένα</em></span> <span class='ocrx_word' id='word_1_202' title='bbox 964 2776 1058 2859; x_wconf 91' lang='grc' dir='ltr'><em>κενά,</em></span> <span class='ocrx_word' id='word_1_203' title='bbox 1091 2775 1185 2840; x_wconf 87' lang='grc' dir='ltr'><em>οὐδε-</em></span> 
     </span>
     <span class='ocr_line' id='line_1_27' title="bbox 174 2881 1224 2969; baseline -0.006 -21"><span class='ocrx_word' id='word_1_204' title='bbox 174 2887 254 2969; x_wconf 88' lang='grc' dir='ltr'><em>μίαν</em></span> <span class='ocrx_word' id='word_1_205' title='bbox 290 2881 400 2948; x_wconf 91' lang='grc' dir='ltr'><em>ούκέτι</em></span> <span class='ocrx_word' id='word_1_206' title='bbox 430 2883 649 2969; x_wconf 89' lang='grc' dir='ltr'><em>παρείσδυσιν</em></span> <span class='ocrx_word' id='word_1_207' title='bbox 681 2881 813 2961; x_wconf 69' lang='grc' dir='ltr'><em>ἕξουσιν</em></span> <span class='ocrx_word' id='word_1_208' title='bbox 844 2884 877 2948; x_wconf 81' lang='grc' dir='ltr'><em>οἱ</em></span> <span class='ocrx_word' id='word_1_209' title='bbox 908 2883 986 2958; x_wconf 91' lang='grc' dir='ltr'><em>τούς</em></span> <span class='ocrx_word' id='word_1_210' title='bbox 1017 2884 1184 2959; x_wconf 77' lang='grc' dir='ltr'><em>πιθανοὺς</em></span> <span class='ocrx_word' id='word_1_211' title='bbox 1198 2901 1224 2942; x_wconf 79' lang='grc' dir='ltr'><em>ετ</em></span> 
     </span>
     <span class='ocr_line' id='line_1_28' title="bbox 174 2987 1184 3075; baseline -0.003 -18"><span class='ocrx_word' id='word_1_212' title='bbox 174 3002 241 3057; x_wconf 81' lang='grc' dir='ltr'><em>τῶν</em></span> <span class='ocrx_word' id='word_1_213' title='bbox 264 2992 374 3072; x_wconf 86' lang='grc' dir='ltr'><em>λόγων</em></span> <span class='ocrx_word' id='word_1_214' title='bbox 395 2988 471 3075; x_wconf 81' lang='grc' dir='ltr'><em>περὶ</em></span> <span class='ocrx_word' id='word_1_215' title='bbox 493 2990 621 3055; x_wconf 86' lang='grc' dir='ltr'><em>τούτων</em></span> <span class='ocrx_word' id='word_1_216' title='bbox 643 2991 896 3075; x_wconf 87' lang='grc' dir='ltr'><em>προφερόμενοι.</em></span> <span class='ocrx_word' id='word_1_217' title='bbox 914 2987 1184 3066; x_wconf 80' lang='grc' dir='ltr'><em>κατασκευάζεται</em></span> 
     </span>
     <span class='ocr_line' id='line_1_29' title="bbox 173 3094 1183 3183; baseline -0.006 -20"><span class='ocrx_word' id='word_1_218' title='bbox 173 3100 237 3183; x_wconf 84' lang='grc' dir='ltr'><em>γάρ</em></span> <span class='ocrx_word' id='word_1_219' title='bbox 270 3107 394 3182; x_wconf 89' lang='grc' dir='ltr'><em>σφαῖρα</em></span> <span class='ocrx_word' id='word_1_220' title='bbox 425 3097 528 3180; x_wconf 85' lang='grc' dir='ltr'><em>πάχος</em></span> <span class='ocrx_word' id='word_1_221' title='bbox 559 3098 680 3181; x_wconf 83' lang='grc' dir='ltr'><em>ἔχουσα</em></span> <span class='ocrx_word' id='word_1_222' title='bbox 711 3105 771 3162; x_wconf 88' lang='grc' dir='ltr'><em>τοῦ</em></span> <span class='ocrx_word' id='word_1_223' title='bbox 803 3095 996 3179; x_wconf 86' lang='grc' dir='ltr'><em>έλάσματος,</em></span> <span class='ocrx_word' id='word_1_224' title='bbox 1030 3094 1112 3160; x_wconf 79' lang='grc' dir='ltr'><em>ὥστε</em></span> <span class='ocrx_word' id='word_1_225' title='bbox 1139 3095 1183 3179; x_wconf 82' lang='grc' dir='ltr'><em>μὴ</em></span> 
     </span>
     <span class='ocr_line' id='line_1_30' title="bbox 246 3246 1185 3378; baseline -0.002 -70"><span class='ocrx_word' id='word_1_226' title='bbox 246 3261 260 3308; x_wconf 94' lang='grc'>1</span> <span class='ocrx_word' id='word_1_227' title='bbox 285 3257 521 3324; x_wconf 79' lang='grc' dir='ltr'><em>περιτλεχθείοαν</em></span> <span class='ocrx_word' id='word_1_228' title='bbox 544 3254 585 3308; x_wconf 79' lang='lat' dir='ltr'><em>ab</em></span> <span class='ocrx_word' id='word_1_229' title='bbox 605 3256 700 3378; x_wconf 54' lang='lat' dir='ltr'><em>glaz·</em></span> <span class='ocrx_word' id='word_1_230' title='bbox 721 3253 764 3315; x_wconf 76' lang='lat' dir='ltr'><em>b):</em></span> <span class='ocrx_word' id='word_1_231' title='bbox 792 3269 860 3306; x_wconf 82' lang='lat' dir='ltr'>corr.</span> <span class='ocrx_word' id='word_1_232' title='bbox 880 3249 957 3305; x_wconf 83' lang='lat' dir='ltr'>Diels</span> <span class='ocrx_word' id='word_1_233' title='bbox 1038 3250 1095 3306; x_wconf 68' lang='lat' dir='ltr'><em>bf.</em></span> <span class='ocrx_word' id='word_1_234' title='bbox 1115 3246 1185 3322; x_wconf 78' lang='grc' dir='ltr'><em>(ε’μ-</em></span> 
     </span>
     <span class='ocr_line' id='line_1_31' title="bbox 173 3319 1183 3398; baseline -0.002 -18"><span class='ocrx_word' id='word_1_235' title='bbox 173 3325 334 3398; x_wconf 79' lang='grc' dir='ltr'><em>φυοηθελς)</em></span> <span class='ocrx_word' id='word_1_236' title='bbox 357 3322 397 3388; x_wconf 80' lang='grc' dir='ltr'><em>εἰς</em></span> <span class='ocrx_word' id='word_1_237' title='bbox 481 3329 497 3378; x_wconf 86' lang='lat'><em>8</em></span> <span class='ocrx_word' id='word_1_238' title='bbox 521 3319 552 3378; x_wconf 75' lang='grc' dir='ltr'><em>ἐκ</em></span> <span class='ocrx_word' id='word_1_239' title='bbox 574 3323 600 3376; x_wconf 85' lang='lat' dir='ltr'>A</span> <span class='ocrx_word' id='word_1_240' title='bbox 634 3323 707 3378; x_wconf 83' lang='lat' dir='ltr'><em>Tb:</em></span> <span class='ocrx_word' id='word_1_241' title='bbox 731 3323 786 3378; x_wconf 83' lang='grc' dir='ltr'><em>ὑπὸ</em></span> <span class='ocrx_word' id='word_1_242' title='bbox 807 3322 840 3394; x_wconf 83' lang='grc' dir='ltr'><em>Τ,</em></span> <span class='ocrx_word' id='word_1_243' title='bbox 934 3328 967 3375; x_wconf 80' lang='lat'><em>12</em></span> <span class='ocrx_word' id='word_1_244' title='bbox 990 3321 1106 3392; x_wconf 81' lang='grc' dir='ltr'><em>τεύχους</em></span> <span class='ocrx_word' id='word_1_245' title='bbox 1122 3321 1183 3378; x_wconf 82' lang='lat' dir='ltr'><em>Gb:</em></span> 
     </span>
     <span class='ocr_line' id='line_1_32' title="bbox 173 3364 1183 3468; baseline -0.002 -18"><span class='ocrx_word' id='word_1_246' title='bbox 173 3394 313 3468; x_wconf 83' lang='grc' dir='ltr'><em>τάχουςΑ</em></span> <span class='ocrx_word' id='word_1_247' title='bbox 376 3401 410 3449; x_wconf 87' lang='grc'><em>13</em></span> <span class='ocrx_word' id='word_1_248' title='bbox 430 3391 481 3450; x_wconf 75' lang='grc' dir='ltr'><em>ἐὰν</em></span> <span class='ocrx_word' id='word_1_249' title='bbox 493 3393 588 3449; x_wconf 79' lang='lat' dir='ltr'>ABG:</span> <span class='ocrx_word' id='word_1_250' title='bbox 608 3394 644 3449; x_wconf 84' lang='grc' dir='ltr'><em>ἀν</em></span> <span class='ocrx_word' id='word_1_251' title='bbox 658 3364 693 3448; x_wconf 64' lang='lat' dir='ltr'><em>³st</em></span> <span class='ocrx_word' id='word_1_252' title='bbox 713 3393 801 3447; x_wconf 82' lang='lat' dir='ltr'><strong>om.C</strong></span> <span class='ocrx_word' id='word_1_253' title='bbox 820 3393 880 3463; x_wconf 84' lang='lat' dir='ltr'>(sed</span> <span class='ocrx_word' id='word_1_254' title='bbox 898 3393 987 3448; x_wconf 71' lang='lat' dir='ltr'><strong>habeiz</strong></span> <span class='ocrx_word' id='word_1_255' title='bbox 1001 3389 1183 3464; x_wconf 70' lang='grc' dir='ltr'><em>ἐντυγχάνει)</em></span> 
     </span>
    </p>
   </div>
   <div class='ocr_carea' id='block_1_6' title="bbox 209 3463 1184 3616">
    <p class='ocr_par' dir='ltr' id='par_1_6' title="bbox 209 3463 1184 3616">
     <span class='ocr_line' id='line_1_33' title="bbox 210 3463 1184 3536; baseline -0.004 -14"><span class='ocrx_word' id='word_1_256' title='bbox 210 3472 243 3522; x_wconf 80' lang='lat'><em>1‘1</em></span> <span class='ocrx_word' id='word_1_257' title='bbox 268 3467 382 3536; x_wconf 72' lang='grc' dir='ltr'><em>ἐμποιεῖ</em></span> <span class='ocrx_word' id='word_1_258' title='bbox 399 3465 491 3523; x_wconf 65' lang='lat' dir='ltr'><em>Aah:</em></span> <span class='ocrx_word' id='word_1_259' title='bbox 516 3473 595 3521; x_wconf 83' lang='grc' dir='ltr'><em>ποιεῖ</em></span> <span class='ocrx_word' id='word_1_260' title='bbox 610 3465 646 3520; x_wconf 91' lang='lat' dir='ltr'><em>T:</em></span> <span class='ocrx_word' id='word_1_261' title='bbox 666 3472 782 3534; x_wconf 73' lang='lat' dir='ltr'><strong><em>possum</em></strong></span> <span class='ocrx_word' id='word_1_262' title='bbox 802 3465 837 3521; x_wconf 87' lang='lat' dir='ltr'><em>L:</em></span> <span class='ocrx_word' id='word_1_263' title='bbox 860 3481 929 3519; x_wconf 84' lang='lat' dir='ltr'>corr.</span> <span class='ocrx_word' id='word_1_264' title='bbox 944 3464 968 3519; x_wconf 92' lang='lat' dir='ltr'><em>J.</em></span> <span class='ocrx_word' id='word_1_265' title='bbox 984 3463 1016 3520; x_wconf 81' lang='lat' dir='ltr'><em>G.</em></span> <span class='ocrx_word' id='word_1_266' title='bbox 1032 3464 1184 3520; x_wconf 83' lang='lat' dir='ltr'>Schneider</span> 
     </span>
     <span class='ocr_line' id='line_1_34' title="bbox 209 3536 605 3616; baseline 0 -26"><span class='ocrx_word' id='word_1_267' title='bbox 209 3542 244 3591; x_wconf 77' lang='lat'><em>25</em></span> <span class='ocrx_word' id='word_1_268' title='bbox 262 3537 434 3616; x_wconf 82' lang='grc' dir='ltr'><em>παρέκδνσιν</em></span> <span class='ocrx_word' id='word_1_269' title='bbox 453 3536 605 3592; x_wconf 79' lang='lat' dir='ltr'><strong>Schneider</strong></span> 
     </span>
    </p>
   </div>
   <div class='ocr_carea' id='block_1_7' title="bbox 0 0 1308 3880">
    <p class='ocr_par' dir='ltr' id='par_1_7' title="bbox 0 0 1308 3880">
     <span class='ocr_line' id='line_1_35' title="bbox 0 0 1308 3880; baseline 0 3"><span class='ocrx_word' id='word_1_270' title='bbox 0 0 1308 3880; x_wconf 95' lang='lat' dir='ltr'><em> </em></span> 
     </span>
    </p>
   </div>
  </div>
 </body>
</html>
