2574 3918
12 171 13 174 ‘
131 197 198 262 470
280 196 449 248 rumoris
467 196 694 249 narramus
714 197 993 250 111111111111111.

132 363 247 424 natura
269 379 351 442 aque
374 361 406 421 et
429 361 537 422 motus
560 356 629 422 eius
652 379 778 442 semper
800 362 850 423 est
873 357 1036 441 deorsum,
1060 357 1154 423 sicut

133 469 165 529 et
188 469 295 529 motus
319 464 456 529 aliorum
479 485 650 548 corporum
674 463 940 548 ponderosorum,
963 464 1052 528 velut
1076 487 1153 548 pre

132 571 279 637 diximus.
325 571 381 636 sed
403 574 511 636 motus
534 570 737 655 innaturalis,
760 571 859 636 immo
883 571 1152 655 potiuslmedius

132 678 210 742 facit
229 700 299 742 eam
317 677 486 742 ascendere
504 676 689 760 aliquando:
709 677 765 761 qui
788 677 826 742 fit
849 677 990 742 velocior
1010 682 1152 766 propter

132 783 278 868 inpetum
296 783 507 848 attractionis.
544 782 679 867 ideoque
698 805 780 868 aque
798 785 833 848 in
854 783 926 849 loco
950 769 1152 868 plano,'¹non
1184 804 1198 845 5

133 889 248 954 declivi
281 889 389 974 quiete
426 893 513 953 stant
549 893 581 953 et
618 889 798 954 inmobiles.
845 911 924 974 quas
961 911 1034 954 oum
1072 891 1150 974 quis

132 995 272 1060 voluerit
290 998 382 1059 motu
400 994 574 1059 innaturali
593 995 716 1060 elevare
735 996 776 1059 ad
797 995 905 1060 locum
928 995 1039 1080 altum,
1063 1018 1149 1080 opus

132 1105 181 1165 est
213 1100 343 1186 ingenio
375 1102 583 1186 competenti:
616 1102 701 1186 quod
733 1125 752 1166 a
783 1102 947 1168 nonnullis
977 1104 1151 1189 ignoratur

132 1206 349 1272 nescientibus
373 1231 489 1294 aquam
512 1230 552 1272 ex
574 1208 654 1273 loeis
677 1208 864 1273 huiusmodi
887 1210 1053 1274 extrahere
1080 1210 1148 1274 nisi

133 1335 206 1379 cum
220 1313 337 1400 situlis,
355 1319 392 1379 ut
410 1315 448 1379 fit
466 1336 506 1380 ex
523 1315 639 1400 puteis,
658 1314 709 1379 vel
728 1336 801 1379 oum
820 1315 893 1380 aliis
911 1315 1148 1400 instrumentis,
1166 1338 1196 1378 lo

135 1443 195 1506 que
214 1425 384 1486 moventur
402 1425 434 1486 et
453 1421 625 1486 trahuntur
647 1421 686 1485 ab
711 1421 912 1507 animalibus,
935 1422 986 1486 vel
1010 1423 1038 1487 si
1061 1422 1148 1487 forte
1273 1431 1274 1436 ’

132 1529 190 1592 fiat
208 1529 364 1593 extractio
383 1550 440 1612 per
458 1528 544 1592 rivos
563 1532 725 1592 currentes
744 1527 795 1592 rel
813 1529 956 1592 fluminis
975 1528 1026 1593 rel
1044 1529 1147 1594 fontis

133 1634 173 1698 ad
192 1635 256 1699 ima
275 1634 502 1700 descendentis.
540 1634 596 1699 sed
613 1657 672 1700 nos
696 1633 799 1699 multo
824 1634 984 1719 subtilius,
1007 1634 1149 1720 qualiter

134 1741 196 1806 hoc
223 1741 293 1805 fieri
321 1741 439 1826 possit,
471 1741 656 1806 docebimus
684 1741 718 1804 in
746 1741 968 1826 sequentibus,
998 1743 1146 1826 quamvis

133 1847 254 1911 fuerint
272 1847 420 1912 nonnulli
440 1847 495 1931 qui
513 1851 663 1931 putantes
681 1847 742 1912 hoc
762 1847 927 1933 ingenium
946 1848 1026 1912 scire
1049 1848 1146 1914 iacta·
1164 1869 1194 1910 15

133 1953 212 2018 bant
253 1976 286 2018 se
327 1954 447 2018 librum
488 1953 561 2017 inde
602 1953 838 2036 composituros
885 1954 971 2038 quod
1016 1955 1147 2038 penitus

133 2060 334 2146 ignorabant,
349 2065 381 2125 et
395 2063 495 2125 semet
509 2059 544 2123 in
556 2059 619 2125 hoc
633 2059 827 2143 decipientes
838 2064 870 2124 et
880 2060 961 2125 alios
971 2060 1147 2128 audientes.

133 2167 197 2231 hiis
221 2167 322 2252 igitur
346 2166 474 2231 omissis
498 2166 538 2230 ad
561 2166 765 2250 propositum
788 2166 962 2230 redeamus.

608 2411 664 2478 VI.

200 2539 262 2602 Per
272 2539 413 2604 canalem
428 2539 529 2624 igitur
542 2559 685 2622 curvum,
700 2537 755 2622 qni
769 2561 787 2602 1
802 2538 993 2624 quibusdam
1007 2539 1146 2604 circinus
1161 2561 1193 2602 ao

81 2665 121 2706 eoo
136 2643 262 2733 diluitur
294 2645 495 2732 egyptiacns,
527 2667 610 2730 aqua
638 2645 674 2709 in
706 2649 820 2730 stagno
853 2650 940 2710 stans
968 2645 1147 2710 elevabitur

135 2753 174 2818 ad
203 2752 310 2816 locum
340 2752 454 2836 altum,
486 2773 547 2836 qne
577 2756 689 2836 postea
719 2756 826 2816 tamen
857 2752 965 2816 refluit
997 2752 1146 2816 deorsum

136 2858 329 2924 descendens
352 2859 392 2923 ad
414 2858 523 2924 locum
546 2859 662 2944 imum,
691 2863 728 2922 ut
751 2859 841 2942 prins
869 2863 945 2924 erat.
990 2879 1049 2923 neo
1077 2858 1146 2923 sine

135 2967 197 3031 hoc
215 2965 345 3052 ingenio
364 2966 483 3051 poterit
502 2965 569 3030 ullo
588 2965 684 3030 modo
703 2988 785 3050 aqua
804 2965 920 3030 elevari
939 2965 1022 3030 talis.
1060 2965 1147 3050 quod

136 3096 212 3138 vero
239 3095 312 3138 cum
339 3074 401 3138 hoc
430 3073 533 3138 canali
564 3073 718 3157 elevetur,
747 3094 814 3136 non
843 3076 892 3136 est
920 3072 984 3136 nisi
1014 3075 1147 3157 propter
1161 3092 1191 3134 15

136 3179 198 3245 hoc
227 3180 314 3264 quod
345 3180 488 3245 dicturus
519 3201 598 3244 sum.
644 3178 771 3264 quando
803 3179 911 3262 itaque
943 3178 1146 3262 posuerimus

136 3290 233 3368 caput
251 3285 339 3350 illius
357 3287 476 3351 canalis
495 3286 585 3351 curvi
604 3286 638 3349 in
656 3307 712 3351 ras
735 3307 817 3369 aque
839 3285 971 3368 plenum
994 3289 1026 3348 et
1049 3306 1148 3369 quan-

136 3411 349 3429 ---4-.-.

209 3499 225 3546 3
239 3493 348 3548 medius
362 3497 451 3551 codd:
465 3495 592 3549 modicus
606 3496 728 3550 Boebes:
741 3493 933 3562 fimeditatus,
947 3494 1004 3548 alsi
1016 3491 1102 3546 immo
1113 3525 1148 3534 -

138 3562 245 3616 medius
265 3567 374 3621 omnine
393 3566 507 3620 delenda
525 3573 596 3622 aaut.
633 3566 667 3632 cf.
682 3570 737 3618 117
