2604 3908
168 184 233 250 342
269 185 418 239 amnon
436 181 639 244 ΑΛΕΞΑΝΔΡ.
654 185 742 237 ΠΕΡΙ
759 183 1182 242 ΔΤΤΟΜΔΤΟΠΟΙΗΤῙΚΗΣ.

168 347 278 434 έργεια
306 345 532 433 ἀσφαλεστέρα
558 371 593 412 τε
619 344 675 410 καὶ
702 345 941 433 ἀκινδυνοτέρα
968 344 1022 410 καὶ
1053 351 1183 430 μᾶλλον

166 465 277 520 πᾶσαν
300 452 513 538 έπιδεχομένη
537 454 692 518 διάθεσιν
710 461 778 517 τῶν
795 452 1001 535 ὑπαγόντων.
1039 452 1182 518 ἐκάλουν

168 557 204 626 δέ
232 562 264 626 οἱ
291 558 426 626 παλαιοὶ
453 562 532 636 τοὺς
558 561 598 624 τά
626 567 763 624 τοιαῦτα
786 560 1073 645 δημιουργοῦντας
1094 565 1181 623 θαυ-

131 670 391 753 8ματουργοὺς
408 668 464 732 διὰ
493 668 530 732 τὸ
558 668 740 749 ἔκπληκτον
767 675 825 749 τῆς
851 668 1004 749 θεωρίας.
1055 665 1092 730 ἐν
1117 661 1182 748 μέν

167 769 230 840 οὖν
258 774 363 861 τούτῳ
390 780 434 859 τῷ
459 775 576 859 βιβλίφ
600 769 675 857 περὶ
698 779 766 836 τῶν
787 770 985 853 ὑπαγόντων
1007 773 1181 856 γράφομεν
1211 791 1224 832 5

166 878 340 964 ἐνθέμενοι
368 880 524 944 διάθεσιν
550 880 706 960 ποικίλην
732 879 814 942 κατά
842 901 879 960 γε
901 877 1000 961 ἡμᾶς,
1029 878 1100 960 ἥτις
1123 877 1182 962 ἁρ-

166 989 261 1072 μόσει
283 987 372 1072 πάση
397 983 547 1050 διαθέσει
570 984 652 1069 πρὸς
674 985 711 1049 τὸ
735 984 904 1048 δύνασθαι
923 984 982 1048 τὸν
1000 984 1182 1069 προαιρού-

166 1117 269 1178 μενον
292 1091 409 1177 ἑτέρως
428 1093 642 1156 διατίθεσθαι
660 1086 766 1174 μηδέν
785 1089 999 1172 ἐπιζητοῦντα
1016 1091 1100 1176 πρὸς
1118 1091 1182 1174 την
1292 1151 1293 1154 ,

166 1208 223 1283 τῆς
255 1198 438 1275 διαθέσεως
471 1196 652 1284 ἐνέργειαν·
686 1196 723 1262 ἐν
753 1193 790 1262 δέ
821 1205 868 1282 τῷ
901 1195 973 1280 ἑξῆς
1005 1195 1081 1281 περὶ
1113 1205 1182 1262 τῶν

167 1313 295 1370 στατολν
318 1305 513 1390 αὐτομάτων
534 1305 715 1390 γράφομεν.
749 1352 752 1357 -
1196 1325 1223 1364 ιο

119 1409 152 1475 Π
232 1418 300 1478 Δεί
327 1410 365 1477 δὲ
394 1421 528 1497 πρῶτον
555 1409 742 1496 ἀπόκροτον
769 1405 855 1475 εἶναι
884 1408 939 1475 καὶ
967 1407 1099 1487 άκλινές
1125 1409 1181 1475 καὶ
1284 1467 1287 1480 ι

166 1519 293 1603 ὁμαλὸν
315 1521 352 1584 τὸ
376 1520 499 1603 ἔδαφος
523 1517 559 1582 έν
584 1509 609 1605 ᾦ
632 1515 743 1601 μέλλει
766 1517 804 1581 τὸ
823 1516 1011 1601 αὐτόματον
1028 1517 1180 1600 ὑπάγειν,

166 1627 223 1690 ’ίνα
246 1629 326 1710 μήτε
350 1627 382 1690 οἱ
405 1621 518 1710 τροχοὶ
541 1622 645 1687 αὑτοῦ
668 1623 878 1688 καταδόνωσι
896 1624 1082 1706 πιεζόμενοι
1101 1625 1181 1707 μήτε

132 1805 134 1816 A
167 1732 404 1816 ἐμποδίζονται
436 1731 501 1796 ὑπὸ
534 1729 735 1814 τραχύτητός
766 1751 857 1804 τινος
887 1731 966 1813 μητε
994 1731 1077 1812 πρὸς
1104 1729 1181 1794 ἀνά-

131 1842 267 1922 2βασιν
289 1840 476 1921 βιαζόμενοι
500 1837 547 1912 εἰς
570 1837 606 1900 τὸ
631 1835 736 1900 ὀπίσω
756 1834 960 1900 ἐπινεύωσιν.
998 1835 1056 1900 ἐάν
1079 1832 1116 1900 δέ
1134 1837 1178 1920 μη
1194 1853 1221 1895 τι

166 1945 297 2031 ὑπάρχη
321 1945 358 2008 τὸ
383 1944 506 2027 ἔδαφος
528 1951 684 2007 τοιοῦτον
707 1933 781 2007 οἷον
804 1947 945 2027 είρηται,
970 1943 1021 2008 δεῖ
1045 1944 1181 2019 σανίδας

167 2051 431 2136 άπορθώσαντας
467 2046 520 2114 ἐπὶ
552 2057 613 2114 τοῦ
647 2047 793 2132 ἐδάφους
825 2047 1027 2132 διατιθέναι,
1060 2048 1097 2114 ἐν
1129 2041 1181 2126 αἱς
1290 2125 1293 2129 ,

167 2159 249 2223 κατὰ
276 2165 378 2243 μῆκος
407 2159 538 2220 ἔσονται
567 2161 712 2239 σωλῆνες
740 2153 782 2219 δι’
818 2154 998 2239 ἐφηλωτων
1029 2158 1182 2220 κανόνων

131 2310 135 2348 5
167 2266 250 2350 πρὸς
278 2265 315 2328 τὸ
341 2265 419 2339 τοὺς
442 2263 581 2348 τροχοὺς
604 2261 641 2325 ἐν
663 2272 733 2338 τοῖς
756 2266 880 2345 σωλῆσι
903 2265 1087 2328 κυλίεσθαι.
1129 2262 1182 2327 δεῖ

165 2367 205 2435 δέ
223 2371 263 2434 τά
281 2369 453 2451 ὑπάγοντα
470 2369 723 2446 κατασκευάζειν
741 2365 932 2451 ἐκκούφων
949 2391 984 2432 τε
1002 2365 1057 2434 καὶ
1071 2367 1182 2454 ξηρῶν
1196 2387 1223 2427 20

168 2475 287 2559 ξύλων,
310 2475 374 2540 κάν
397 2474 429 2553 ἐξ
453 2477 554 2558 άλλης
577 2473 616 2539 δέ
637 2499 728 2552 τινος
750 2474 832 2557 ὑλης
854 2474 985 2560 ὑπάρχη
1009 2498 1041 2539 τι
1065 2474 1102 2539 ἐν
1122 2475 1181 2539 αὑ-

45 2572 47 2576 ’
115 2607 154 2648 ιιι
168 2593 238 2658 τοῖς
260 2573 572 2665 κατεσκευασμένον,
595 2579 650 2646 καὶ
673 2589 771 2646 τοῦτο
795 2581 905 2663 δεησει
925 2581 929 2665 l
950 2581 994 2657 ὡς
1017 2583 1182 2664 κουφότα-

133 2750 135 2756 ,
168 2711 227 2752 τον
249 2695 430 2773 πειρᾶσθαι
453 2697 571 2770 ποιεῖν,
595 2688 651 2752 ἵνα
674 2688 717 2771 μη
742 2688 798 2751 διδ
820 2687 858 2751 τὸ
879 2688 981 2773 βάρος
999 2689 1181 2771 δυσκίνητα

134 2786 312 2877 δγένηται.
367 2794 419 2858 δελ
451 2789 488 2858 δέ
519 2791 574 2858 καὶ
600 2791 658 2880 ,ὅσ’
691 2792 733 2857 άν
761 2791 954 2875 ἐγκυκλίους
984 2795 1130 2880 στροφάς
1159 2794 1180 2878 ἢ

242 2993 256 3040 1
285 2983 489 3054 ἀκινδυνοτέρα
515 2986 545 3039 Μ
573 2988 603 3039 et
629 2984 705 3039 Leid.
726 2983 827 3054 scalig.
848 2990 895 3038 45:
924 2983 1133 3054 ἀκινδυνοτέρα
1162 3001 1181 3041 ιι

205 3064 222 3112 3
242 3059 411 3127 δημιοῦντας
429 3055 454 3110 G
526 3062 541 3111 5
560 3057 665 3111 τοὺτων
684 3055 707 3108 Τ
776 3062 791 3110 6
811 3052 988 3125 ἐκτιθέμενοι
1006 3056 1039 3110 Η.
1056 3055 1180 3111 Schoene

207 3135 221 3183 7
242 3125 383 3183 διαθέων
402 3125 539 3196 προθέσει
557 3127 619 3182 οοΠ.
638 3146 666 3197 p.
683 3131 793 3195 33818
811 3126 984 3181 Brinlnnann
1056 3133 1072 3181 8
1091 3127 1180 3197 μηδὲν

170 3196 353 3268 ἐπιζητοῦντα
371 3197 515 3254 Barberin.
534 3199 560 3252 H
575 3205 616 3267 82,
636 3197 713 3253 Leid.
727 3197 807 3252 Vulc.
823 3204 852 3252 4:
872 3197 907 3267 μὴ
928 3193 1143 3268 ἐνεπιζητοῦντα
1162 3214 1181 3254 a

207 3277 240 3325 10
259 3270 278 3324 f.
298 3270 451 3340 γράφομεν.
485 3269 519 3324 cf.
538 3289 564 3339 p.
585 3275 627 3338 28,
644 3275 676 3324 13
751 3275 781 3322 11
802 3267 898 3338 oapita
916 3267 1106 3340 distinguunt,
1130 3270 1181 3324 sed

170 3359 227 3396 non
249 3345 398 3396 numerant
420 3341 499 3396 codd.
573 3347 607 3394 14
626 3336 828 3410 ἐμποδίζονται
846 3339 884 3394 A:
913 3334 1109 3409 ἐμποδίζονται
1127 3340 1180 3395 GT

208 3418 241 3466 16
260 3412 379 3482 ὑπάρχει
397 3411 420 3465 Τ
476 3417 508 3466 17
523 3412 747 3480 ἀπορθώοαντας
761 3409 871 3480 scripsi:
891 3409 1098 3475 ἀποθόταντας
1112 3411 1179 3468 AG:

171 3483 378 3546 άπωθώσαντες
398 3482 429 3536 Τ,
468 3482 501 3536 cf.
524 3481 774 3551 Papp.111166‚2
798 3481 841 3535 ed.
864 3480 918 3536 Hu.
941 3481 1088 3552 τύμπανον
1110 3484 1180 3551 πρὸς

171 3551 280 3608 κανόνα
294 3550 519 3625 άπωρθωμένονε
536 3552 555 3607 f.
570 3551 734 3624 <άκλινεῖς>
749 3552 980 3623 άπορθάοαντας.
1009 3553 1043 3608 cf.
1058 3572 1085 3623 p.
1100 3559 1179 3623 4,19.
