2604 3908
137 197 202 264 376
239 197 388 251 Ηεααοε
406 195 608 256 ιλιιωιαω).
623 179 710 250 ΠΕΡΙ
729 199 1147 256 Ανοοιιενοωοιιινιωωε.

137 356 199 426 οὗν
225 361 263 425 τὸ
292 343 467 445 εἰρημένον
490 360 639 444 χάλασμα
661 369 823 425 τοσοῦτον
845 355 945 444 εἶναι,
974 361 1056 426 ὥστε
1080 360 1149 426 έπι-

137 476 323 552 στραφῆναι
350 467 387 531 τὸ
415 470 576 532 πλινθίον
603 469 685 532 κατὰ
712 468 774 550 την
801 467 938 533 εὐθεῖαν
964 467 1007 550 ἣν
1029 470 1149 552 βουλό-

136 581 224 658 μεθα
246 574 327 639 αὐτὸ
352 572 537 657 ἐνεχθῆναι.
573 575 613 638 τά
637 571 668 638 θ’
696 574 779 638 αὐτὰ
803 573 1001 639 ε’πινοείσθω
1020 573 1075 639 καὶ
1095 573 1148 639 ἐπὶ

135 689 195 745 τοῦ
219 684 291 744 ΣΤ
307 688 437 765 τροχοῦ.
474 682 639 744 πλειόνων
662 674 724 744 οῦν
747 678 946 764 έπειλησεων
968 678 1022 745 καὶ
1045 704 1149 767 μηρυ-

135 787 248 870 μάτων
270 783 456 869 γινομένων
479 785 673 863 ἀκολούθως
695 796 767 862 ταῑς
786 785 972 873 εἰρημέναις
991 786 1148 871 εὐθείαις,
1176 807 1191 846 ⁵

135 889 213 957 καθ’
242 891 280 967 ἃς
308 892 359 957 δεῖ
386 889 548 976 φέρεσθαι
575 891 612 955 τὸ
636 895 812 975 πλινθίον,
838 895 928 957 ἔσται
951 895 1088 976 γεγονὸς
1109 895 1148 960 τὸ

105 1001 364 1084 ῦπροκείμενον.
415 999 525 1082 δεησει
555 994 592 1062 δὲ
612 995 661 1062 ’τά
688 1021 722 1062 τε
750 1001 835 1083 μήκη
859 1006 927 1064 νῦν
950 998 1149 1084 έπειλήσεων

135 1103 190 1169 καὶ
213 1105 253 1169 τά
276 1111 344 1169 τῶν
366 1103 567 1188 μηρυμάτων
590 1103 622 1182 ἐξ
646 1104 747 1188 αὐτῆς
769 1113 828 1188 τῆς
844 1109 960 1192 πείρας
982 1110 1148 1192 γίνεσθαι,

136 1210 329 1297 ἀρχομένων
360 1211 454 1295 ἡμῶν
485 1213 543 1287 τὰς
576 1209 757 1295 έπειλησεις
789 1219 960 1278 ποιεῖσθαι
991 1212 1056 1278 ἀπὸ
1088 1223 1148 1278 τοῦ

136 1320 240 1384 τόπου
259 1317 309 1402 ἐφ’
334 1313 374 1383 οὗ
393 1315 504 1402 μέλλει
522 1321 718 1402 καταληγειν
736 1319 773 1383 τὸ
790 1322 964 1384 πλινθίον·
983 1318 1148 1385 ἀνάπαλιν
1162 1338 1190 1378 10

136 1427 200 1510 γάρ
222 1425 301 1489 αὐτὸ
320 1433 492 1500 κινοῦντες
510 1435 581 1500 ταῖς
599 1429 723 1510 χερσίν,
743 1425 786 1499 ὡς
804 1423 916 1508 μέλλει
933 1426 1148 1510 πορεύεσθαι,

137 1530 351 1614 ἐπειλησομεν
373 1532 430 1606 τάς
450 1531 616 1615 σπάρτους
633 1529 688 1596 καὶ
707 1531 857 1614 χάλασμα
876 1532 1038 1616 δώσομεν·
1062 1532 1148 1598 οὕτω

83 1655 123 1696 οτι
136 1639 200 1723 γάρ
237 1634 431 1724 άρΙξάμενον
466 1637 670 1724 πορεύεσθαι
706 1638 744 1702 τὸ
781 1642 942 1704 πλινθίον
977 1638 1149 1723 καταλήξει

136 1746 277 1820 δεόντως
310 1746 356 1821 είς
385 1744 446 1808 τὸν
473 1746 578 1809 τόπον
607 1744 691 1809 ὅθεν
719 1742 890 1829 ἠρξάμεθα
919 1743 1062 1810 έπειλεῖν
1091 1749 1149 1823 τάς

104 1851 309 1938 λσπάρτους.
357 1849 503 1934 [βέλτιον
530 1847 567 1916 δὲ
589 1849 644 1916 καὶ
666 1852 726 1915 τὸν
748 1854 784 1915 Κ
788 1855 818 1915 Λ
841 1853 962 1936 τροχὸν
986 1850 1022 1916 ἐν
1045 1877 1148 1937 χοινι-
1162 1869 1189 1910 15

134 1959 203 2022 κίδι
225 1964 434 2045 περικεῖσθαι
457 1965 503 2044 τῷ
527 1961 597 2022 ΗΘ
620 1956 723 2041 άξονι,
747 1958 807 2022 τὸν
830 1954 867 2022 δὲ
890 1955 992 2034 άξονα
1011 1969 1147 2044 συμφυῆ

135 2064 257 2148 ὁμοίως
279 2073 325 2152 τῷ
347 2067 494 2151 πλινθίῳ
516 2067 670 2146 γίνεσθαι
689 2065 840 2149 καθάπερ
858 2063 913 2129 καὶ
932 2066 992 2130 τὸν
1010 2070 1074 2129 ΕΖ
1092 2065 1148 2131 καὶ

135 2173 237 2236 πάλιν
258 2169 335 2255 περὶ
353 2171 414 2254 τὴν
432 2171 599 2255 χοινικίδα
616 2179 676 2235 τοῦ
694 2173 730 2234 Κ
733 2175 764 2235 Λ
781 2181 903 2256 τροχοῦ
921 2172 983 2255 τὴν
1001 2174 1149 2258 σπάρτον

136 2277 369 2361 ἐπαληθεῦσαν
391 2275 446 2342 καλ
468 2279 509 2342 τά
532 2277 722 2360 χαλάσματα
746 2280 888 2362 ἔχουσαν
910 2287 949 2363 τῇ
974 2283 1046 2365 λείᾳ
1068 2278 1148 2345 ἀπο-

136 2386 290 2468 δοθῆναι,
309 2384 415 2459 Ῡὸπως
435 2383 514 2449 ὅταν
532 2385 733 2467 βουλώμεθα
750 2385 910 2468 κάμπτειν
923 2386 961 2449 τὸ
976 2389 1147 2470 πλινθίον,
1162 2402 1190 2442 2⁰
1292 2392 1298 2399 ’

135 2489 194 2554 ἕνα
226 2497 293 2554 τῶν
321 2494 400 2573 ΠΡ,
428 2493 500 2554 ΣΤ
522 2498 651 2575 τροχῶν
683 2489 830 2575 ἑστάναι,
863 2493 1018 2575 δηλονότι
1050 2492 1148 2576 χαλά-

137 2615 257 2681 σματος
284 2598 380 2672 ὄντος
404 2594 440 2660 έν
463 2605 502 2682 τῇ
530 2593 599 2660 κατ’
627 2596 730 2662 αὐτὸν
758 2599 890 2685 σπάρτῳ
918 2608 956 2685 τῇ
984 2597 1061 2684 περὶ
1088 2600 1149 2682 την

135 2703 315 2786 χοινικίδα,
343 2702 402 2766 τὸν
431 2699 467 2766 δὲ
490 2704 559 2765 ΚΛ
584 2704 705 2787 τροχὸν
727 2706 807 2787 μετὰ
829 2713 889 2769 τοῦ
913 2709 1033 2770 λοιποῦ
1057 2703 1149 2791 στρέ-

136 2815 261 2894 φεσθαι
290 2817 426 2895 τροχοῦ,
459 2809 553 2893 άχρις
580 2807 622 2873 άν
654 2810 690 2874 τὸ
723 2814 885 2876 πλινθίον
916 2812 976 2896 την
1005 2809 1148 2877 δέουσαν

135 2916 219 3001 λάβη
245 2913 458 3000 ἐπιστροφήν,
482 2910 551 2980 εἶτα
571 2917 674 2981 πάλιν
692 2920 849 2999 ταθείσης
866 2925 923 3001 τῆς
941 2917 978 2981 τὸ
998 2918 1149 3001 χάλασμα
1162 2933 1190 2974 25

136 3022 274 3107 ἐχούσης
301 3021 450 3107 σπάρτον
476 3023 543 3106 ἅμα
570 3030 636 3087 τοόν
664 3031 767 3110 τριιόν
788 3022 996 3107 κινουμένων
1019 3031 1148 3110 τροχῶν

103 3131 196 3214 θτην
220 3127 268 3194 ἐπ’
292 3129 426 3204 εὐθείας
448 3127 530 3194 ὁδὸν
553 3128 692 3213 φέρηται
710 3132 747 3195 τὸ
765 3132 948 3210 πλινθίον]
993 3128 1062 3195 ἐπεὶ
1086 3125 1149 3196 οὖν

208 3290 277 3338 2-3
301 3263 509 3358 βουλάμεθαΤ
591 3285 662 3340 θδὲ
686 3285 806 3341 αῦτὰθι
877 3281 1087 3353 4έπειλήοεων
1104 3287 1147 3342 M:

137 3352 326 3424 ε’πιλήσεωνι
397 3356 551 3425 ῦγεγονὸς,
565 3375 595 3418 ος
609 3372 644 3409 ex
658 3377 694 3419 ως
708 3356 825 3425 οονε.,Α
897 3353 1095 3425 λέπειλήσεων
1110 3355 1158 3414 Gt,

137 3428 288 3494 ἐπιλήοεων
311 3427 363 3480 AT
436 3422 638 3496 ῦέπειλήσεις,
663 3447 688 3482 ει
711 3444 745 3482 ex
769 3448 779 3481 ι
802 3445 884 3496 τοτα,
907 3428 933 3481 Α
1005 3434 1037 3482 11
1058 3429 1093 3482 de
1112 3429 1148 3490 ὡς

136 3498 170 3553 ef.
180 3498 296 3552 Kiihner
305 3497 350 3552 Gr.
362 3498 449 3551 11842
460 3498 523 3552 adn.
535 3501 551 3552 5
589 3497 650 3552 121⁰.
662 3499 832 3568 χαλάσματα.
861 3498 895 3553 ef.
905 3499 954 3554 lin.
966 3505 1007 3553 19.
1017 3517 1044 3569 p.
1053 3505 1113 3568 372,
1123 3508 1146 3554 8.

28 3640 44 3645 -
136 3573 236 3638 380,8
286 3574 431 3644 ,14—16
455 3566 600 3623 ὅθεν...
625 3571 758 3638 χοινικίδι
781 3569 879 3624 om.G
964 3575 1068 3624 15-27
1088 3567 1149 3642 βέλ-
