2598 3886
137 185 181 250 26
255 183 404 236 ΗΡΩΝΟΣ
423 180 690 242 ΔΛΕΞΑΝΔΡΕΩΣ
709 185 978 238 ΠΝΕΤΜΔΤΙΚΩΝ
996 187 1028 240 A.

136 349 264 434 ματική.
297 344 366 411 έπεί
395 355 464 421 πῶς
495 344 538 410 ἀν
567 347 601 411 αἰ
632 356 694 412 τοῦ
723 347 822 430 ἡλίου
849 347 978 423 ἀκτῖνες
1005 349 1062 412 διδι
1087 358 1150 414 τοῦ

136 455 259 530 ὕδατος
286 449 494 530 διεξέπιπτον
519 453 568 529 εἰς
594 452 654 518 τὸν
680 462 741 519 τοῦ
768 453 904 536 ἀγγείου
927 451 1095 538 πνδμένα;
1120 457 1150 520 εἰ

136 562 201 646 γάρ
224 560 260 624 τὸ
283 559 389 645 ὑγρὸν
411 559 455 642 μὴ
478 553 544 643 εἶχε
567 561 702 645 πόρους,
725 559 809 624 ἀλλά
831 563 888 646 βίᾳ
907 557 1096 626 διέστελλον
1114 563 1149 627 αἰ

135 664 237 750 αὐγαί
259 667 296 730 τὸ
315 665 418 751 ὕδωρ,
437 664 633 749 συνέβαινεν
651 665 694 731 ἀν
711 666 964 752 ὑπερεκχεῑσθαι
982 669 1022 732 τδι
1040 670 1148 754 πλήρη

136 785 204 838 τῶν
227 772 381 856 ἀγγείων·
412 771 492 855 ὅπερ
516 771 728 856 οὐφαίνεται
751 775 938 858 γινόμενον.
961 774 1009 838 ἔτι
1033 770 1070 838 δέ
1093 772 1148 839 καί
1176 791 1189 832 ⁵

134 879 238 964 ταύτῃ
269 879 431 964 φανερόν·
461 879 491 942 εἰ
517 880 581 963 γδιρ
608 881 666 965 βία
688 879 724 943 τὸ
747 879 839 964 ὕδωρ
864 877 1064 964 διέστελλον,
1087 881 1148 946 οὐκ

113 984 179 1050 ἀν
216 995 282 1049 τῶν
318 983 461 1048 ἀκτίνων
497 985 532 1048 αἰ
564 980 625 1068 μὲν
656 983 842 1051 ἀνεκλῶντο
874 987 957 1071 πρὸς
986 987 1046 1051 τὸν
1078 989 1147 1052 ἀνω

136 1093 253 1174 τόπον,
280 1091 313 1156 αἰ
342 1086 380 1154 δὲ
401 1087 456 1155 καί
479 1091 565 1155 κάτω
589 1089 805 1178 διεξέπιπτον.
828 1090 906 1156 νυνί
929 1088 966 1156 δέ
990 1092 1063 1158 όσαι
1086 1089 1148 1177 μέν

134 1199 402 1284 προσκόπτουσιν
429 1194 529 1279 αὐγαί
556 1207 626 1274 τοῖς
648 1206 708 1264 τοῦ
730 1198 852 1275 ὕδατος
874 1201 1014 1285 μορίοις,
1037 1200 1146 1286 ὥσπερ

135 1304 400 1391 ἀνακρουόμεναι
421 1302 628 1369 ἀνακλῶνται
651 1305 738 1390 ’πρὸς
760 1297 819 1370 τὸν
842 1306 910 1371 ἀνω
933 1307 1049 1370 τόπον·
1072 1305 1147 1370 όσαι
1162 1324 1189 1364 1⁰

79 1427 120 1468 1⁵2
135 1408 172 1476 δέ
190 1413 237 1488 εἰς
254 1412 294 1477 τὰ
312 1412 391 1475 κενδι
410 1419 470 1476 τοῦ
487 1409 608 1486 ὕδατος
629 1412 633 1494 Ι
655 1408 882 1495 ἐμπίπτουσιν,
901 1411 1027 1494 ὀλίγοις
1044 1427 1147 1498 προσ-

133 1521 312 1583 πίπτουσαι
348 1520 477 1603 μορίοις
513 1511 610 1582 αὗται
646 1514 902 1593 διεκπίπτουσινξ
934 1519 981 1594 εἰς
1017 1519 1054 1583 τὸ
1087 1527 1147 1584 τοῦ

134 1624 271 1707 ἀγγείου
298 1624 429 1707 ἔδαφος.
457 1625 505 1686 ἔτι
533 1618 571 1686 δὲ
593 1620 647 1687 καί
670 1623 773 1708 ταύτῃ
797 1626 954 1709 φανερόν,
974 1624 1018 1700 ὡς
1041 1624 1077 1689 ἐν
1100 1632 1147 1712 τῷ

133 1729 231 1795 ὕδατι
257 1729 397 1814 ὑπάρχει
425 1729 519 1810 κενά,
548 1736 594 1815 τῷ
621 1728 681 1793 τὸν
709 1727 954 1813 ἐμβαλλόμενον
981 1723 1076 1795 οἶνον
1099 1733 1147 1807 εἰς

133 1836 171 1900 τὸ
202 1833 294 1920 ὕδωρ
326 1834 471 1919 ὁρᾶσθαι
502 1835 583 1898 κατά
615 1835 713 1918 χύσιν
746 1835 792 1910 εἰς
810 1836 926 1901 πάντα
953 1838 1056 1902 τόπον
1085 1846 1145 1903 τοῦ
1159 1853 1187 1895 1⁶

131 1942 254 2018 ὕδατος
276 1949 457 2025 χωροῦντα.
479 1936 639 2006 τοῦτοδὲ
662 1939 723 2005 οὐκ
747 1939 789 2004 δν
811 1940 949 2026 ἐγίνετο,
972 1944 1015 2028 μὴ
1039 1945 1147 2008 όντων

100 2128 102 2132 .
132 2049 170 2115 ἐν
192 2057 239 2136 τῷ
260 2048 358 2113 ὕδατι
380 2058 495 2113 κενῶν.
518 2044 653 2132 φέρεται
681 2043 718 2111 δὲ
740 2045 795 2111 καί
818 2049 855 2112 τὸ
880 2060 950 2132 φῶς
972 2050 1009 2114 τὸ
1032 2048 1146 2136 ἕτερον

131 2157 189 2222 διδ
217 2164 276 2221 τοῦ
304 2152 433 2241 ἑτέρου·
461 2153 541 2218 όταν
568 2153 631 2237 γάρ
659 2177 709 2229 τις
736 2157 870 2230 πλείους
900 2155 968 2241 ἅψῃ
992 2155 1145 2240 λύχνους,

131 2264 261 2333 ἅπαντα
292 2263 464 2345 φωτίζεται
496 2264 635 2344 μᾶλλον,
667 2269 735 2323 τῶν
767 2258 880 2342 αὐγῶν
907 2262 1014 2348 πάντῃ
1046 2285 1146 2348 φερο-

131 2366 242 2453 μένων
273 2365 317 2431 δι’
353 2366 515 2450 ἀλλήλων.
552 2363 635 2431 ἀλλά
665 2365 732 2449 μὴν
763 2363 818 2429 καί
851 2367 907 2432 διὰ
938 2373 1062 2452 ’χαλκοῦ
1088 2367 1144 2435 καί
1159 2387 1185 2427 2⁰

131 2475 273 2559 σιδήρου
295 2471 349 2536 καὶ
372 2482 439 2537 τῶν
462 2473 573 2536 ἀλλων
592 2471 747 2537 ἁπάντων
766 2473 949 2538 διεκπίπτει
973 2475 1143 2560 σωμάτοον,

130 2580 281 2666 καθάπερ
311 2577 366 2644 καί
393 2579 429 2644 τὸ
460 2577 513 2643 έπί
542 2586 600 2661 τῆς
621 2578 745 2663 νάρκης
766 2587 824 2661 τῆς
846 2584 1031 2658 θαλασσίας
1054 2585 1145 2665 γινό·

129 2711 242 2772 μενον.
269 2686 320 2751 ὅτι
347 2682 385 2750 δὲ
410 2683 465 2750 καί
493 2687 625 2770 ἅθρουν
647 2685 746 2749 κενὸν
768 2688 895 2768 γίνεται
917 2690 1006 2773 παρδ
1029 2689 1144 2773 φύσιν,

129 2792 294 2858 δέδεικται
312 2792 369 2856 διά
386 2814 421 2857 τε
439 2801 499 2858 τοῦ
517 2789 791 2878 προσφερομένου
804 2799 850 2880 vg?
865 2795 1000 2877 στόματι
1013 2795 1144 2878 κούφου

129 2898 267 2982 ἀγγείου
294 2895 349 2962 καί
376 2899 433 2962 διδ
460 2907 520 2963 τοῦ
544 2899 694 2984 ἰατρικοῦ
718 2896 794 2986 ᾠοῦ.
817 2896 894 2983 περὶ
917 2895 979 2982 μὲν
1002 2895 1064 2964 οὖν
1086 2903 1184 2983 τῆςέὁ

128 3014 190 3070 τοῦ
208 3013 308 3070 κενοῦ
324 3004 455 3088 φύσεως
469 3002 523 3070 καί
538 3005 648 3070 ἀλλον
661 3010 796 3070 πολλῶν
809 3004 920 3070 οὐσῶν
934 3003 1143 3090 ἀποδείξεων,
1171 3035 1173 3039 ·

129 3113 245 3188 ἰκανδις
267 3105 354 3176 εἶναι
376 3109 431 3176 καί
453 3113 512 3188 τδις
535 3109 707 3197 εἰρημένας
725 3113 914 3195 νομίζομεν·
937 3108 992 3175 καί
1010 3113 1073 3197 γὰρ
1093 3110 1139 3178 δι’

121 3217 240 3283 αὐτῶν
262 3228 330 3283 τῶν
352 3219 523 3302 αἰσθητῶν
544 3220 603 3294 τδς
625 3215 807 3294 ἀποδείξεις
832 3214 1066 3301 έποιησάμεθα.
1089 3215 1143 3283 έπί

134 3341 347 3354 u-————-—h-

200 3416 215 3463 2
235 3405 383 3476 έξέπιπιον
402 3410 496 3479 οοδδ.,
521 3426 589 3464 corr.
604 3407 681 3462 Diels
700 3424 734 3462 ex
753 3406 884 3462 Stratone
976 3414 1009 3463 12
1033 3405 1142 3464 διεκπίὶ

121 3485 245 3535 4ττονσιν
263 3480 340 3537 Leid.
351 3481 429 3535 Voss.
440 3487 488 3535 44:
508 3482 707 3535 διατίπτονσιν
721 3478 776 3532 ab:
796 3477 830 3532 ef.
845 3477 895 3533 lin.
907 3485 931 3534 8.
947 3485 980 3534 21
1055 3487 1087 3536 15
1103 3480 1142 3544 είς

148 3569 181 3606 υ.
202 3550 224 3603 Τ
306 3559 338 3605 19
362 3552 456 3621 αἰγῶν
476 3551 500 3606 J.
517 3550 548 3605 G.
565 3547 729 3604 Schneider:
752 3549 845 3603 αὐτῶν
868 3550 948 3606 codd.
1032 3557 1066 3606 25
1090 3550 1142 3608 οὖν
