2574 3918
160 174 227 240 430
262 177 412 229 ΗΡΩΝΟΣ
430 173 629 235 ΑΛΕΞΑΝΔΡ.
646 180 733 230 ΠΕΡΙ
751 179 1173 236 Α’ῙῪΟΜΑΤΟΠΟΙΗΤΙΚΗΣ.

160 362 223 422 φος
249 347 310 403 τοῦ
336 342 487 421 πίνακος,
514 337 569 403 καὶ
594 339 715 423 ὠθήθη
740 340 795 404 διά
818 349 878 405 τοῦ
900 342 1110 426 τρυπήματος
1133 340 1173 408 έκ

159 453 219 509 τοῦ
251 447 393 510 ὄπισθεν
424 444 545 532 μέρους
577 454 637 511 τοῦ
668 449 806 523 πίνακος
838 449 885 522 είς
911 447 949 511 τὸ
977 448 1172 532 ἔμπροσθεν

158 549 257 638 μέρος
279 551 405 635 ἀγκύλη
429 553 587 637 σπάρτου,
610 551 671 628 ἕως
693 549 755 638 μὲν
776 564 908 637 προεῖχε
929 555 1117 639 σύμμετρόν
1135 577 1172 618 τι

49 692 52 696 -
121 658 320 742 όδιάστημα
351 657 406 723 καὶ
439 658 582 747 ἐπιούρω
614 658 794 745 ἀποληφθῇ
825 659 1001 746 ἀραρότως.
1050 659 1171 742 ἡλίκον

158 760 196 828 δὲ
218 765 269 829 δεῖ
292 759 391 846 εἶναι,
420 765 500 828 αὐτὸ
524 766 561 830 τὸ
584 775 717 851 πρᾶγμα
740 764 847 844 δείξει.
893 761 962 832 είτα
988 763 1056 830 κατ’
1084 765 1168 832 αὐτὸ
1193 751 1216 828 ¹5

156 871 194 934 τὸ
223 869 259 933 ἐν
286 879 332 958 τῷ
359 869 474 953 ἐδάφει
501 872 654 956 τρύπημα
682 883 794 958 τρυπῶ
821 874 910 957 παρά
935 874 996 956 τὴν
1017 874 1169 957 πλευρὰν

156 985 217 1040 τοῦ
239 979 401 1041 πλινθίου
423 977 576 1061 τρύπημα
599 977 778 1064 εὐρύτερον
800 987 860 1042 τοῦ
883 979 969 1043 κάτω
995 977 1050 1043 καὶ
1073 981 1169 1065 διαρ-

157 1092 239 1167 ρινῶ
263 1081 358 1166 αύτό,
383 1083 469 1158 ὅπως
489 1084 618 1148 ῒπλείω.
659 1082 713 1148 καὶ
736 1082 829 1170 ῒπερὶ
852 1094 950 1150 τοῦτο
974 1084 1169 1170 ΐείλημένον
1200 1145 1204 1153 ,

155 1198 216 1253 τοῦ
239 1188 380 1255 ὀθονίου
403 1189 634 1275 ῒπερισιμίγξαι
656 1192 703 1267 εἰς
726 1193 786 1274 τὴν
809 1190 956 1274 ἀγκύλην
974 1189 1029 1255 καὶ
1048 1192 1167 1256 διῶσαι

103 1311 141 1352 ιω
156 1296 212 1360 διά
239 1293 475 1383 τρυλπηματίον
502 1305 562 1362 τοῦ
592 1297 628 1362 ἐν
651 1307 689 1383 τῇ
717 1304 845 1384 πλευρᾷ
870 1297 925 1362 καὶ
953 1300 1087 1363 ἀνωθεν
1109 1319 1166 1362 πε-
1181 1321 1212 1360 ιο

119 1405 272 1487 δρόνιον
294 1403 417 1478 διώσας
441 1404 496 1468 διά
519 1412 576 1486 τῆς
600 1403 753 1487 ἀγκύλης.
790 1403 880 1489 μένει
904 1400 967 1470 οὖν
988 1421 1166 1488 συνεσφιγ-

79 1545 83 1554 ,
154 1507 256 1592 μένον
278 1508 315 1572 τὸ
340 1515 456 1594 είλημα
478 1519 537 1574 τοῦ
561 1510 704 1576 ὀθονίον
728 1514 950 1596 συνεχόμενον
972 1509 1028 1576 ὑπ’
1056 1510 1165 1593 αὐτῆς.

154 1615 234 1680 ὅταν
261 1611 298 1679 δέ
330 1615 388 1702 δέη
421 1622 636 1701 καλυφθῆναι
669 1619 709 1682 τά
743 1617 779 1682 ε’ν
809 1625 854 1704 τῷ
881 1621 1010 1700 πίνακι,
1043 1622 1166 1681 κεκλει-
1200 1617 1204 1622 ’

154 1721 284 1807 σμένων
298 1733 364 1787 τῶν
377 1730 496 1807 θυρῶν
510 1722 669 1788 έκσπάσαι
683 1725 744 1806 τὴν
758 1725 905 1809 σπόριον
918 1725 978 1808 τὴν
987 1724 1166 1808 προσδεδε-

152 1827 257 1914 μένην
292 1839 330 1915 τῇ
363 1832 502 1914 περόνη,
539 1829 790 1915 ἀποδιδομένην
821 1827 858 1894 δὲ
891 1831 948 1906 εἰς.
969 1831 1030 1913 τὴν
1063 1834 1163 1895 λείαν.
1180 1850 1207 1890 15

153 1935 258 2012 οὕτως
276 1931 338 2002 οὖν
356 1935 462 1999 πάντα
481 1937 520 1999 τά
539 1935 824 2021 ἐπικαλυπτόμενα
843 1935 995 2019 ἐποιεῖτο,
1015 1942 1163 2020 συνειλη-

152 2041 256 2107 θέντα
286 2040 341 2106 καὶ
375 2040 446 2126 ἑξῆς
478 2043 546 2106 ἀνω
580 2041 748 2126 έπάλληλα
775 2041 914 2108 τεθέντα
941 2040 996 2108 καὶ
1024 2041 1163 2108 ἕκαστον

119 2153 133 2207 7
152 2149 262 2214 αὐτῶν
285 2148 433 2233 ἀγκύλην
454 2146 509 2213 καὶ
528 2151 673 2232 περόνην
692 2153 803 2233 λαβόν.
845 2149 925 2214 ὅσον
944 2146 974 2214 δ’
998 2147 1040 2213 ἀν
1059 2152 1163 2214 τόπον

151 2257 317 2342 καταλάβη
353 2257 393 2321 τά
430 2254 584 2340 εἰλημένα
616 2267 683 2320 τῶν
716 2256 878 2339 ὀθονίων,
916 2253 968 2320 ἐπὶ
1000 2264 1163 2320 τοσοῦτον

149 2362 389 2449 ἀντιφράσσειν
415 2366 561 2445 σανίσιν,
589 2363 711 2447 ἵναμὴ
735 2362 901 2447 βλέπηται.
947 2362 983 2427 τὸ
1007 2358 1045 2427 δὲ
1068 2365 1163 2426 σανί-
1179 2383 1207 2422 ιο

149 2469 225 2532 διον
248 2471 373 2550 γίνεται
397 2466 592 2552 ὑπέρθυρον
615 2478 682 2532 τῶν
705 2474 831 2553 θυρῶν.
875 2469 927 2532 δεῖ
949 2464 986 2532 δέ
1011 2467 1047 2533 έν
1070 2467 1160 2555 αὐτῷ

148 2583 283 2658 ποιησαι
294 2573 486 2638 ἐπιστύλιον
495 2577 823 2660 στρογγυλόγλυφον,
837 2574 893 2638 ἵνα
903 2576 959 2660 ἔχη
970 2578 1063 2639 λείαν
1073 2577 1161 2652 όψιν.

27 2680 136 2749 XXVI
221 2683 330 2745 Ταῦτα
354 2677 414 2765 μὲν
438 2675 500 2745 οὖν
523 2681 609 2746 οὕτω
633 2684 766 2765 γίνεται.
811 2679 1024 2757 κλεισθέντος
1047 2677 1084 2745 δέ
1107 2679 1163 2746 καὶ

149 2785 365 2871 ἀνοιχθέντος
387 2795 448 2853 τοῦ
470 2790 607 2863 πίνακός
626 2812 736 2872 φαμεν
754 2784 858 2872 μηδὲν
876 2790 1058 2871 φαίνεσθαι
1076 2788 1164 2870 πλὴν
1237 2855 1241 2860 ,

149 2891 245 2977 ἀέρος
280 2891 334 2957 καὶ
373 2894 544 2976 θαλάσσης
581 2893 816 2979 γεγραμμένων
851 2892 905 2959 καὶ
942 2895 1024 2978 μετά
1060 2881 1163 2958 ταῦτα
1176 2913 1205 2955 ει

147 3005 332 3088 παραπλεῖν
355 3002 413 3077 τάς
437 3010 528 3078 ναῦς.

219 3253 232 3300 1
249 3247 283 3301 de
299 3245 402 3301 aoristo
417 3245 521 3317 ὠθηθη
542 3246 684 3302 of.Veiteh
701 3247 788 3303 Greek
801 3249 894 3302 verbs⁴
908 3265 934 3317 p.
945 3251 996 3300 716
1047 3247 1078 3301 τὸ
1093 3241 1124 3300 ἐκ
1138 3245 1161 3299 Τ

182 3324 198 3371 3
217 3318 338 3392 ἀγκύλης
357 3333 386 3374 a:
407 3335 474 3373 corr.
489 3318 562 3372 Prou
617 3318 742 3388 οπάρτου
761 3317 960 3372 Ambrosianus
975 3317 995 3372 O
1011 3323 1063 3371 266
1081 3315 1161 3370 infer.

146 3396 217 3446 m.2:
228 3391 305 3459 παρὰ
314 3398 393 3444 vom
446 3397 557 3459 προεῖχε
568 3405 598 3444 a:
609 3397 716 3461 προοχη
726 3389 811 3444 Prou:
826 3389 844 3444 f.
856 3389 963 3461 προέχη
1037 3394 1053 3441 6
1067 3396 1161 3458 τρνπῶ

146 3479 231 3533 Prou:
250 3461 358 3548 τρύάιίὲύ
381 3477 442 3547 (sie)
461 3479 498 3532 A:
526 3487 635 3547 τρυπᾶν
661 3477 697 3535 G:
722 3477 892 3548 τρύπημαΤ
1006 3483 1075 3532 7-8
1100 3480 1162 3531 δια-

169 3557 213 3602 ·νῶ
236 3564 266 3603 a:
291 3565 358 3602 corr.
377 3548 449 3602 Prou
539 3546 659 3603 8πλείω
680 3565 710 3604 a:
735 3548 753 3604 f.
772 3552 835 3603 λειῶ
911 3550 976 3620 περὶ
995 3563 1027 3604 8:
1050 3548 1069 3604 f.
1084 3548 1162 3619 παρὰ
