2598 3886
128 168 175 233 90
248 169 398 223 ΗΡΩΝΟΣ
416 165 682 227 ΔΛΕΞΔΝΔΡΕΩΣ
700 166 970 219 ΠΝΕΤΜΑΤΙΚΩΝ
988 166 1020 218 A.

126 325 222 413 ηχος,
256 331 338 395 ὥστε
372 331 627 417 μελαγκορόφου
654 331 829 411 γίγνεσθαι
857 307 986 413 φωνην·
1018 326 1077 392 ἐάν
1104 323 1142 391 δὲ

126 437 174 520 μη
196 435 396 522 παρακέηται
418 437 455 502 τὸ
478 437 627 520 ὑδάτιον,
651 435 810 520 συριγμὸς
833 437 935 518 μόνος
957 435 1057 499 ἔσται.

589 628 676 694 XVI.

196 756 243 820 Al
274 752 336 839 μὶν
367 749 430 821 οὖν
461 753 571 840 φωναὶ
602 758 753 838 γίνονται
780 755 837 818 διὰ
864 763 931 818 τῶν
958 754 1141 838 συρίγγων·

127 862 288 948 διάφοροι
316 858 353 926 δὲ
375 871 445 937 τοῖς
466 863 559 945 ἤχοις
581 864 763 944 γίγνονται,
786 871 854 925 τῶν
877 862 1045 944 συρίγγων
1067 861 1168 943 nvom

126 966 336 1054 λεπτοτέρων
363 965 628 1052 γινομένων...
656 969 729 1051 ἤτοι
755 964 811 1031 καὶ
837 963 1143 1053 παρεκτεινομένων

127 1077 178 1152 είς
206 1083 308 1159 μῆκος
329 1074 350 1160 ἢ
372 1073 427 1139 καὶ
452 1072 720 1159 συστελλομένων
742 1071 797 1138 καὶ
820 1082 880 1138 τοῦ
902 1069 1142 1157 βασανιζομένου

126 1180 251 1267 μέρους
279 1182 326 1258 εἰς
352 1181 389 1246 τὸ
416 1180 509 1266 ὕδωρ
536 1183 610 1265 ἤτοι
635 1183 789 1257 πλείονος
810 1179 831 1265 ἢ
855 1179 1028 1256 ἐλάττονος
1050 1201 1142 1261 γινο-

127 1286 247 1370 μένου,
280 1288 362 1352 ὥστε
392 1289 449 1353 διά
478 1288 633 1355 τοιοάτου
661 1291 787 1373 τρόπου
819 1283 946 1373 ὀρνέων
976 1288 1143 1352 πλειόνων

127 1395 314 1479 διαφόρους
336 1396 512 1477 γίγνεσθαι
536 1395 657 1480 φωνάς.
692 1395 962 1473 κατασκευάζεται
985 1387 1048 1458 οὖν
1067 1394 1140 1476 ἤτοι
1155 1409 1182 1448 1⁰

127 1499 168 1566 έν
189 1502 294 1586 κρήνη
317 1498 338 1584 ἢ
361 1499 398 1565 έν
417 1501 525 1588 άντρηι
544 1500 564 1583 ἢ
582 1503 732 1567 καθόλου
750 1501 836 1566 ὅπου
854 1499 1032 1585 ἐπίρρυτον
1048 1498 1141 1583 ὕδωρ

128 1605 235 1689 ἐστίν,
264 1607 363 1692 όρνεα
385 1609 523 1671 πλείονα
546 1607 735 1691 διακείμενα
757 1603 812 1670 καὶ
835 1605 965 1682 τούτοις
986 1625 1142 1690 παρακει-

127 1710 212 1796 μένη
244 1710 361 1794 γλαόξ,
397 1711 469 1794 ἥτις
501 1710 729 1798 ἐπιστρέφεται
761 1711 951 1795 αὐτομάτως
981 1711 1070 1795 παρὰ
1100 1710 1141 1774 τδι
1188 1735 1191 1740 ·

128 1819 231 1901 όρνεα
262 1814 317 1880 καὶ
352 1817 454 1882 πάλιν
489 1815 741 1904 ἀποστρέφεται·
781 1814 836 1882 καὶ
875 1815 1141 1902 άποστραφείσης
1175 1865 1177 1868 -

126 1911 192 2008 μὲν
227 1921 433 2007 φθέγγονται
469 1923 509 1987 τά
545 1924 661 2010 όρυεα,
700 1922 953 2010 έπιστραφείσης
990 1918 1027 1988 δέ
1057 1923 1141 2008 πρὸς
1155 1937 1182 1980 1⁵

128 2028 214 2094 αὐτά
236 2028 345 2095 οὐκέτι
368 2028 583 2113 φθέγγονται.
618 2027 674 2095 καὶ
696 2038 794 2095 τοῦτο
812 2029 988 2107 πλεονάκις
1005 2032 1141 2113 γίνεται.

129 2136 400 2215 κατασκευάζεται
423 2132 460 2201 δέ
482 2137 542 2201 τὸν
564 2138 689 2222 τρόπον
711 2145 839 2202 τοῦτον.

188 2241 294 2308 Ἔστω
331 2243 590 2328 κρουνισμάτιον
623 2240 674 2308 ἀεὶ
711 2240 788 2328 ῥέον
819 2243 856 2307 τὸ
889 2247 933 2306 Α·
965 2242 1071 2330 τούτῳ
1103 2237 1141 2306 δὲ

130 2349 321 2415 ὑποκείσθω
349 2349 488 2431 στεγνὸν
515 2347 650 2432 ἀγγεῖον
677 2350 713 2414 τὸ
742 2352 873 2414 ΒΓΔΕ
898 2352 975 2434 ἔχον
1001 2349 1146 2417 πνικτὸν.

130 2457 292 2539 διαβήτην
313 2452 334 2537 ἢ
356 2454 531 2538 καμπύλον
554 2456 684 2539 σίφωνα
703 2456 763 2520 τὸυ
778 2457 850 2519 ΖΗ
866 2452 921 2519 καὶ
938 2452 1141 2538 καθιεμένην
1155 2467 1183 2508 ²⁰

73 2585 118 2626 ιιο
130 2558 251 2648 χώΙνηυ
277 2561 338 2643 την
362 2563 437 2643 ΘΚ,
464 2554 505 2643 ἧς
532 2560 549 2626 ὁ
571 2561 694 2638 καυλὸς
716 2559 859 2646 άπεχίτω
882 2559 947 2626 άπὸ
970 2569 1030 2624 τοῦ
1052 2565 1142 2624 πυθ-

40 2709 42 2713 ’
131 2708 230 2788 ράφου
254 2706 352 2768 δοκεῖν
375 2699 451 2766 εἶναι
474 2705 594 2784 φωνήν·
617 2704 670 2768 έὰν
694 2703 725 2768 δέ
748 2705 788 2787 μὴ
810 2704 989 2789 παρακέηται
1007 2704 1142 2784 όδάτιον,

131 2793 272 2876 συριγμὸς
296 2794 385 2874 μόνος
408 2792 495 2855 ἔσται.

197 2897 218 2944 a
246 2887 331 2944 5-7
365 2883 504 2964 διάφοροι
625 2882 859 2964 συστελλομένων
882 2911 924 2933 =
947 2878 971 2943 b
995 2884 1140 2943 25-27:

132 2972 271 3054 διάφοροι
300 2967 332 3032 δέ
355 2977 416 3044 τοῖς
438 2969 521 3052 ἤχοις
543 2973 676 3053 γίνονται
698 2983 757 3035 τῶν
780 2972 926 3053 συρίγγων
948 2968 1014 3050 ἢτοι
1037 2974 1138 3032 λεπτο-
1152 2980 1180 3022 2⁸

130 3059 222 3142 τέρων
248 3057 413 3141 γινομένων
440 3056 460 3138 ἢ
487 3058 656 3143 παχυτέρων
682 3061 732 3124 καὶ
758 3059 778 3142 ἢ
804 3056 1073 3143 παρεκτεινομένων
1096 3059 1140 3132 είς

130 3160 224 3232 μῆκος
247 3147 267 3230 ἢ
290 3146 533 3228 συστελλομένων.

202 3327 218 3376 2
242 3316 418 3391 παρακέηται
436 3316 547 3389 scripsi:
570 3319 740 3390 παράκειται
757 3319 813 3375 AG
919 3324 937 3372 4
954 3320 1098 3390 γίγνονται
1116 3316 1140 3371 Τ

166 3400 182 3447 6
210 3389 428 3463 γιγνομένωνΤ
526 3389 718 3462 σηπομένων
741 3389 780 3464 (ἢ
803 3388 966 3462 παχυτέρων
1012 3391 1044 3443 ut
1066 3388 1139 3445 inb

168 3470 200 3519 13
223 3463 309 3534 γλαόξ
331 3463 364 3519 b:
392 3460 561 3530 ἡγλαόξω
669 3468 702 3517 14
724 3463 950 3532 άποστρωφείσης
1007 3461 1039 3518 b:
1068 3461 1141 3516 άπο·

129 3537 305 3607 στραφείσεις
327 3533 393 3602 ΔΤ,
418 3532 467 3588 sed
491 3549 558 3588 corr.
578 3531 627 3606 Τις
655 3534 881 3606 ἀποοτραφείσας
904 3533 941 3590 G:
968 3549 1095 3590 conversa
1118 3531 1141 3586 L
