2574 3918
141 152 208 217 496
380 155 543 209 wrcuvu
560 155 610 208 nn
629 154 919 208 sacmrscrum.

142 313 285 386 fistulam
303 314 338 378 in
355 311 568 399 altitudinem,
587 320 618 379 et
636 315 683 379 ita
702 337 741 379 ex
759 315 909 379 interiore
928 315 999 379 loco
1023 313 1171 378 castello

144 419 310 485 conlocato
333 421 374 485 ad
397 420 576 486 saliendum
598 444 682 506 aqua
705 421 977 486 subministratm.

106 536 126 591 4
208 525 277 592 Nec
296 532 403 592 tamen
421 528 499 592 baec
518 527 587 592 sola
604 528 688 592 ratio
709 527 843 592 Ctesibii
861 528 965 592 fertur
987 528 1168 612 exquisita,

144 632 200 698 sed
227 634 324 698 etiam
352 635 460 719 plnres
490 638 523 698 ct
551 635 649 698 variis
680 635 850 720 generibus
880 635 921 699 ab
951 657 989 700 eo
1019 635 1166 720 liquoris

143 742 362 825 pressionibus
381 746 492 807 coacto
514 741 633 825 spiritu
656 742 768 805 efferre
791 742 831 805 ab
853 745 970 806 natura
992 745 1166 806 mutuatos
1198 763 1212 804 s

144 848 274 913 effectus
294 849 515 933 ostenduntur,
533 848 582 912 uti
605 847 801 912 merularum
824 869 925 932 aquae
948 852 1040 912 motu
1063 869 1166 912 voces

144 959 239 1039 atque
258 955 436 1040 angobatae
454 954 661 1039 bibentiaque
680 958 712 1018 et
730 954 841 1018 eadem
859 956 1023 1019 moventia
1041 955 1166 1040 sigilla,

61 1123 70 1132 „
144 1064 311 1145 ceteraque
330 1082 411 1145 quae
430 1059 696 1124 delectationibus
715 1058 881 1124 oculorum
902 1064 934 1124 et
953 1061 1079 1124 aurium
1097 1083 1166 1125 usu

108 1176 257 1230 bsensus
280 1166 511 1231 oblandiuntur.
557 1189 574 1230 e
598 1166 716 1252 quibus
740 1189 821 1252 quae
844 1165 982 1231 maxime
1005 1167 1099 1231 utilia
1127 1172 1164 1231 et

145 1273 322 1339 necessarie
351 1274 490 1338 iudicavi
519 1273 633 1360 selegi,
663 1278 696 1337 et
725 1274 759 1336 in
788 1274 894 1358 priore
924 1273 1087 1337 volumine
1121 1274 1162 1337 de
1180 1297 1209 1335 ιο

145 1378 337 1466 horologiis,
364 1380 399 1444 in
421 1381 483 1446 hoc
506 1381 545 1444 de
573 1380 834 1463 expressionibus
861 1401 961 1465 aquae
989 1381 1162 1445 dicendum

146 1487 265 1568 putavi.
315 1487 439 1573 reliqua
466 1509 547 1571 quae
573 1508 640 1550 non
667 1490 743 1551 sunt
770 1487 811 1550 ad
837 1487 1074 1571 necessitatem,
1103 1487 1162 1551 sed

146 1593 186 1656 ad
215 1593 401 1658 deliciarum
431 1594 631 1677 voluptatem
662 1593 718 1677 qui
750 1593 932 1676 cupidiores
964 1597 1058 1657 erunt
1090 1594 1162 1658 eius

146 1699 349 1785 subtilitatis,
377 1722 416 1764 ex
443 1700 546 1784 ipsius
576 1699 710 1764 Ctesibii
737 1698 976 1764 commentariis
1006 1702 1161 1782 poterrmt

146 1827 298 1871 mvemre.
1175 1826 1204 1866 15

601 1948 706 2031 nra.

93 2113 131 2152 ser
213 2087 261 2152 De
289 2089 454 2173 hydraulis
485 2093 592 2154 autem
620 2111 699 2174 quas
726 2089 866 2154 habeant
888 2089 1160 2174 ratiocinationes,

148 2218 244 2278 quam
262 2197 450 2262 brevissime
469 2197 678 2282 proximeque
694 2196 856 2282 attingere
873 2200 986 2281 potero
1007 2200 1039 2260 et
1062 2198 1161 2282 scrip-

148 2307 221 2366 tura
243 2303 405 2389 consequi,
427 2325 494 2368 non
516 2303 781 2386 praetermittam.

214 2406 263 2472 De
282 2411 416 2474 materia
434 2413 600 2493 compacta
617 2408 697 2493 basi,
715 2430 788 2473 arca
806 2410 841 2473 in
859 2431 896 2474 ea
914 2431 953 2474 ex
972 2431 1043 2473 aere
1064 2409 1160 2475 fabri·
1172 2431 1201 2470 so

149 2517 219 2578 cata
238 2516 431 2581 conlocatur.
469 2538 566 2600 supra
583 2515 687 2580 basim
706 2515 874 2602 erigrmtur
896 2516 1026 2602 regulae
1049 2516 1160 2581 dextra

149 2641 186 2685 ac
204 2621 335 2687 sinistra
353 2623 467 2687 scalari
484 2623 589 2687 forma
607 2625 800 2707 compactae,
819 2622 935 2707 quibus
954 2623 1161 2688 includuntur

149 2728 233 2792 aerei
247 2729 389 2813 modioli,
402 2729 547 2793 frmdulis
566 2729 807 2794 ambulatilibus
827 2751 866 2793 ex
884 2732 979 2794 torno
999 2729 1161 2794 subtiliter

150 2835 290 2900 subactis
313 2836 506 2900 habentibus
529 2838 612 2902 fixos
635 2837 670 2900 in
692 2836 797 2902 medio
821 2836 941 2900 ferreos
965 2857 1101 2901 ancones
1128 2840 1159 2900 et

150 2941 315 3006 verticulis
337 2964 411 3007 cum
431 2944 578 3014 nectibus
602 2945 791 3008 coniunctos
814 2941 1017 3028 pellibusque
1044 2942 1158 3006 lanatis
1170 2959 1197 3001 aa

151 3049 312 3115 involutis.
359 3050 437 3114 item
465 3051 499 3115 in
529 3073 653 3115 summa
683 3049 818 3133 planitia
847 3047 1006 3114 foramina
1035 3046 1165 3114 circiter

224 3250 238 3296 1
256 3242 388 3298 interiore
404 3243 474 3310 GH,
488 3261 556 3299 corr.
566 3244 706 3300 Iocwauos
773 3249 790 3296 4
803 3241 911 3311 liquore
927 3242 998 3309 GH,
1011 3258 1080 3297 corr.
1092 3241 1159 3296 Rosa

188 3320 203 3367 5
223 3317 337 3370 coactae
357 3313 470 3384 spiritus
487 3315 557 3383 GH,
575 3331 642 3369 corr.
659 3315 771 3368 Maniai
786 3321 811 3368 et
824 3314 965 3368 Iocrmdus
1037 3318 1053 3366 6
1072 3328 1159 3366 meru-

152 3384 298 3453 larumquc
306 3389 385 3440 motu
396 3386 466 3453 GH,
476 3402 544 3443 corr.
553 3387 695 3440 Turnebus
742 3390 773 3438 17
784 3383 929 3452 hydraulis
936 3383 1028 3438 Mar:
1041 3383 1159 3452 hydrau-

69 3521 85 3529 λ
152 3455 215 3508 licis
236 3457 299 3511 GH
365 3462 398 3510 26
416 3454 550 3510 involutis
568 3457 668 3511 codicis
687 3455 853 3525 Supremam
870 3456 1093 3509 additamentum.
1124 3455 1156 3521 cf.

155 3525 294 3580 aracusa
309 3544 338 3594 p.
353 3532 401 3580 13.-
420 3525 559 3580 involutos
581 3526 646 3582 GH
1162 3539 1164 3542 ·
