2598 3886
128 151 171 216 62
244 152 393 206 ΗΡΩΝΟΣ
412 149 677 210 ΑΛΕΞΑΝΔΡΕΩΣ
696 152 962 206 mmmmm
980 154 1011 206 A.

127 314 302 390 δακτύλοις
329 315 368 378 τὰ
392 317 435 397 Θ,
458 316 493 377 K
517 317 634 398 στόμια
660 315 820 398 καθίεμεν
842 313 879 377 τὸ
903 316 1062 399 σφαιρίον
1087 314 1136 389 εἰς

127 421 164 484 τὸ
196 421 325 505 θερμὸν
352 417 407 484 καί
439 419 571 504 ἀνίεμεν
597 423 677 504 μίαν
703 431 770 484 τῶν
799 418 977 484 ἀναπνοῶν
1003 419 1065 502 τὴν
1093 421 1132 501 Θ,

128 526 215 602 ὅπως
242 525 260 592 ὁ
288 522 349 610 μὲν
375 525 413 590 ἐν
441 534 486 614 τῷ
509 529 608 590 ΒΓΔ
634 525 837 612 ἡμισφαιρίῳ
860 525 923 611 ἀὴρ
947 524 1134 611 έκκρουσθῇ

128 633 183 697 διὰ
210 640 267 715 τῆς
296 635 325 696 Θ
351 631 532 715 ἀναπνοῆς,
559 633 597 697 τὸ
626 628 663 696 δὲ
692 633 821 718 θερμὸν
848 631 912 696 ἀπὸ
940 639 1000 696 τοῦ
1022 629 1135 714 ἠθμοῦ

127 739 283 824 πληρώσῃ
306 739 343 802 τὸ
366 740 463 802 ΒΓΔ
485 737 710 823 ἡμισφαίριον.
741 738 843 803 πάλιν
865 732 928 802 οὖν
956 737 1135 818 καταλαβό-
1162 754 1177 794 ο

126 867 221 928 μενοι
247 845 308 928 τὴν
338 847 366 906 Θ
392 843 565 928 ἀναπνοὴν
590 842 783 929 ἐξαιροῦμεν
806 842 841 908 ἐκ
863 852 924 908 τοῦ
946 849 1074 929 θερμοῦ
1097 843 1134 905 τὸ

128 953 301 1035 σφαιρίον,
324 949 342 1015 ὃ
366 950 408 1032 6η
428 947 531 1028 στέξει
553 950 610 1013 ἀιά
632 950 669 1014 τὸ
693 949 737 1036 μὴ
760 951 848 1033 ἔχειν
869 950 929 1014 τὸν
951 947 1031 1034 ἀέρα
1053 969 1136 1033 παρ-

75 1076 113 1117 ιεν
128 1056 287 1124 είσάνσιν.
332 1053 490 1131 καθέντες
515 1054 520 1138 Ι
545 1050 607 1123 οὖν
628 1054 750 1139 ὁμοίως
772 1057 819 1132 εἰς
839 1056 876 1120 τὸ
900 1055 1031 1140 φνχρὸν
1048 1053 1135 1119 ἀνίε-

128 1185 189 1246 μεν
226 1162 287 1245 την
318 1165 353 1226 K
382 1160 553 1245 ἀναπνοὴν
587 1159 643 1228 καί
673 1161 775 1230 πάλιν
810 1159 1044 1247 πληρωθέντος
1074 1168 1135 1224 τοῦ

127 1273 159 1331 Α
166 1269 226 1332 ΓΔ
261 1266 480 1353 ἡμισφαιρίου
511 1269 771 1352 καταλαβόμενοι
808 1268 869 1350 την
901 1270 936 1330 K
964 1265 1135 1348 ἀναπνοὴν
1149 1285 1177 1326 ιο

128 1372 322 1460 ἐξαιροῦμεν
343 1373 380 1438 τὸ
405 1376 563 1459 σφαιρίον
583 1378 706 1460 πλῆρες
726 1373 766 1438 ἀν
784 1380 913 1459 θερμοῦ
931 1369 986 1437 καί
1003 1380 1135 1457 ψυχροῦ

127 1478 257 1555 ύάατος.
297 1479 377 1543 ὅταν
408 1473 470 1544 οὖν
500 1479 700 1564 βουλώμεθα
731 1477 892 1563 ὁπότερον
919 1477 1029 1543 αὐτῶν
1055 1500 1136 1563 προ·

128 1583 239 1668 ε’σθαι,
266 1583 400 1672 ἀνίεμεν
425 1585 486 1668 την
512 1582 581 1649 κατ’
614 1583 719 1652 ἐκεῖνο
749 1583 927 1668 ἀναπνοήν.
967 1582 1022 1648 καὶ
1054 1584 1135 1648 ὅταν

127 1691 170 1776 μὴ
200 1691 399 1774 βουλώμεθα
421 1689 519 1774 βέειν,
541 1691 643 1756 πάλιν
665 1689 786 1774 ὁμοίως
807 1692 1134 1774 καταλαμβανόμεθα.

127 1793 183 1860 καί
204 1803 303 1860 τοῦτο
325 1798 518 1879 πονήσομεν,
538 1797 633 1882 ἀχρις
655 1795 698 1861 ἀν
715 1805 783 1862 πᾶν
800 1802 941 1882 κενωθῇ.
975 1795 1078 1874 ἔξεστι
1097 1792 1133 1861 δὲ
1149 1817 1176 1857 15

129 1941 281 2006 δακτύλων
315 1939 347 2002 τὸ
383 1941 408 2002 Θ
437 1939 558 2020 στόμιον
589 1939 762 2024 καθίσωμεν
793 1940 824 2002 τὸ
857 1942 996 2022 σφαιρίον
1028 1941 1069 2015 εἰς
1101 1941 1133 2004 τὸ

128 2029 254 2111 θερμόν·
282 2027 332 2094 καλ
358 2029 545 2094 εἰσελεύσεται
572 2029 604 2092 τὸ
632 2029 745 2110 θερμὸν
769 2027 802 2090 ἐν
824 2039 860 2115 τῇ
883 2028 941 2091 ἀπὸ
964 2029 996 2092 τὸ
1020 2035 1048 2092 Κ
1071 2031 1133 2092 στό-

129 2141 197 2198 μιον
227 2119 306 2203 χώρη
338 2129 389 2180 τοῦ
422 2118 563 2200 σφαιρίον
595 2117 644 2180 ἀιά
676 2127 734 2182 τῶν
765 2117 798 2179 έν
826 2117 900 2203 αὐτῇ
927 2119 1154 2204 τρνπημάτων,Ι

128 2199 247 2286 ἧστινος
273 2207 479 2288 πληρωθείσης
506 2211 622 2290 θερμοῦ
645 2205 695 2268 διὰ
716 2205 748 2268 τὸ
769 2205 907 2290 ἐκχωρεῖν
929 2206 981 2272 τὸν
1003 2207 1036 2269 έν
1058 2208 1134 2292 αὐτῇ

129 2293 200 2378 ἀέρα
222 2295 272 2358 διὰ
293 2304 346 2358 τοῦ
369 2299 398 2356 Κ
419 2295 540 2376 στομίου
563 2328 599 2338 -
620 2293 653 2356 ἐν
674 2295 730 2378 γὰρ
752 2305 787 2380 τῇ
809 2293 891 2380 ἑτέρᾳ
911 2295 992 2382 χώρα
1014 2306 1049 2380 τῇ
1072 2295 1131 2360 ὑπὸ
1148 2311 1174 2351 2⁰

129 2383 160 2445 τὸ
192 2386 217 2445 Θ
248 2383 368 2463 στόμιον
394 2383 426 2446 τὸ
453 2383 567 2466 θερμὸν
594 2383 650 2447 ούκ
676 2383 864 2448 εἰσελεύσεται
890 2383 940 2446 διὰ
966 2384 998 2452 τὸ
1025 2383 1079 2466 τὴν
1109 2385 1135 2445 Θ

129 2470 285 2550 ἀναπνοὴν
305 2470 516 2553 πεφραγμένην
539 2465 616 2536 εἰναι
631 2504 675 2518 --
694 2471 764 2536 ὅταν
786 2469 843 2554 ἀρα
865 2470 1009 2552 παίσωμεν
1030 2470 1085 2550 τὴν
1103 2475 1133 2535 Κ

129 2558 284 2638 ἀναπνοὴν
305 2566 399 2646 τώτ
369 2558 455 2646 ἑτέρῳ
478 2561 621 2650 δακτύλω,
642 2560 698 2640 τὴν
721 2558 752 2622 δε
778 2560 842 2622 Θ’
825 2585 863 2622 αν
864 2559 942 2634 έντες
963 2558 1134 2641 ἐμβάλωμεν

129 2647 160 2709 τὸ
193 2621 335 2731 σφαιρίού
360 2649 404 2722 εἰς
432 2648 563 2730 ψυχρόν,
588 2624 783 2712 εἰσελεύσεται
808 2649 840 2710 ιλ
867 2647 1038 2730 ηενχράνί
1010 2671 1052 2721 ες
1057 2647 1133 2797 ὸτην

129 2735 187 2798 ὑπὸ
219 2736 251 2798 τὸ
282 2739 307 2799 Θ
336 2738 434 2818 χώραν
466 2737 515 2798 διὰ
547 2747 605 2801 τῶν
636 2737 669 2800 έν
695 2737 774 2823 αύτῷ
801 2738 1008 2819 τρνπημύτων
1039 2734 1072 2797 τὸ
1101 2733 1132 2798 δί
1147 2748 1173 2790 ²5

47 2847 49 2852 ·
128 2824 243 2906 θερμὸν
267 2825 307 2890 οὗ
331 2826 429 2900 στύξει
453 2825 505 2888 ιλιά
531 2825 563 2888 τὸ
590 2825 800 2908 πεφραγμένην
823 2819 904 2890 εἰναι
929 2824 985 2904 τὴν
1006 2823 1076 2886 Κ’
1059 2849 1133 2888 ανα-

129 2913 235 2993 πνοην.
282 2915 375 2988 οὕτως
401 2905 457 2976 οάν
483 2919 696 2996 πληρωθεισῶν
722 2914 772 2976 καί
799 2911 972 2994 ἀμφοτέρων
996 2922 1055 2974 τῶν
1078 2937 1133 2993 χω-

130 3011 205 3083 ρῶν,
236 3000 390 3066 ὁποίαν”
374 3027 412 3065 αν
443 3003 621 3084 βουλώμεθα
649 3003 778 3086 βεύσειν,
810 3000 957 3080 ἀνήσομεν
984 3000 1039 3080 τὴν
1066 2995 1130 3062 κατ’

129 3091 224 3154 έκεῖνο
247 3091 279 3153 τὸ
302 3090 389 3173 μέρος
412 3090 578 3172 ἀναπνοην,
600 3091 651 3153 καί
667 3092 764 3174 βεύσει
782 3089 831 3156 διὰ
849 3098 908 3150 τῶν
925 3090 1132 3170 τρνπημάτων,

128 3190 181 3242 τοῦ
204 3179 288 3262 ἀέρος
311 3179 530 3261 εἰσκρινομένων
553 3180 602 3241 διὰ
624 3204 676 3259 της
695 3177 861 3260 ἀνοιγείσης
879 3176 1039 3258 ἀναπνοῆς.
1080 3178 1130 3240 καί
1145 3191 1172 3232 ³⁰

128 3279 214 3332 τοῦτο
246 3269 424 3350 ποιήσομεν,
449 3267 534 3351 ἀχρις
562 3267 604 3330 ,ἀν
635 3267 771 3349 ίκάτερον
800 3265 860 3332 ἀνὰ
888 3265 976 3349 μέρος
1002 3273 1131 3352 κενωθῇ.

129 3383 341 3394 ---—--·—-—-

199 3438 376 3509 εὴθμαόΜι
390 3435 837 3510 ίθμονιιεάεολειώεινιὼλετμ
849 3443 941 3509 6λ,λλ.
955 3443 1049 3508 6614.
1064 3441 1133 3507 48,ss

166 3515 200 3562 10
218 3509 440 3584 καταλαβόμενοι
456 3509 511 3582 M‚=
505 3529 602 3564 ·ιιτιτει
602 3507 794 3581 wamma
