2594 3892
131 181 195 244 124
248 183 397 236 muoz
416 180 682 242 ΑΛΕΞΑΝΔΡΕΩΣ
701 183 972 236 ΠΝΕΤΜΔΤΠζΩΝ
990 185 1020 236 Α.

127 344 339 421 κλεισθέντος
365 354 425 410 τοῦ
453 349 520 409 ΧΦ
547 355 693 431 κρουνοῦ
727 344 785 409 ἐὰν
821 343 1012 429 ἐμβάλωμεν
1048 345 1140 431 ὕδωρ

128 453 175 527 εἰς
197 453 235 516 τὸ
259 456 323 515 AB
347 451 492 535 ἀγγεῖον,
522 454 744 538 μεταγωρήσει
767 449 866 536 μέρος
889 449 992 515 αὐτοῦ
1014 449 1069 515 καὶ
1093 453 1140 528 εἰς

127 560 165 622 τὸ
191 561 251 622 ΓΔ
278 558 427 642 ἀγγεῖον,
454 558 603 624 τουτέστι
626 560 663 623 τὸ
686 559 803 643 ἥμισυ,
826 558 883 622 διὰ
906 566 966 622 τοῦ
989 561 1060 620 ΣΤ
1078 575 1141 622 σω-

127 670 240 747 λῆνος·
271 667 309 730 τὸ
337 661 374 730 ἀὲ
403 664 543 749 ἐμπεσὸν
573 665 680 750 ὑγρὸν
707 667 754 741 εἰς
781 666 818 729 τὸ
843 667 904 728 ΓΔ
931 663 1066 747 ἀγγεῖον
1091 664 1141 729 ἐκ·

126 775 243 849 θλίψει
271 773 330 836 τὸν
358 778 433 837 ι’σον
460 771 549 857 αὐτῷ
577 770 658 856 ἀέρα
685 773 742 836 διὰ
773 781 833 836 τοῦ
857 774 969 835 ΗΘΚ
994 777 1141 855 σωλῆνος
1170 791 1184 831 5

127 879 175 953 εἰς
197 879 235 942 τὸ
252 882 317 942 ΕΖ
340 878 487 960 ἀγγεῖον·
512 873 608 954 οὗτος
631 875 668 944 ἀὲ
691 880 751 943 τὸν
774 883 850 942 ἴσον
872 872 967 943 οἶνον
990 876 1142 956 ἕκθλίῦει

129 981 186 1048 ὃιά
208 993 269 1049 τοῦ
288 987 406 1048 ΛΜΝ
425 989 573 1066 σωλῆνος
596 986 643 1061 εἰς
665 986 702 1050 τὸ
722 983 785 1058 ΞΟ
804 984 948 1066 ἀγγεῖον.
980 984 1060 1048 ὅταν
1079 987 1143 1076 ἀροι

128 1089 311 1174 ἀνοίξωμεν
338 1092 397 1155 τὸν
423 1095 488 1155 ΧΦ
510 1094 670 1176 κρουνόν,
704 1091 814 1176 ρεῦσει
842 1088 885 1155 δι’
913 1089 1016 1156 αὐτοῦ
1043 1094 1081 1155 τό
1108 1115 1143 1155 τε

129 1192 296 1280 ἐμβληθὲν
317 1197 409 1283 ὕδωρ
432 1199 478 1273 εἰς
500 1198 538 1262 τὸ
558 1202 622 1261 AB
646 1197 781 1281 ἀγγεῖον
803 1195 859 1262 καὶ
882 1197 900 1262 ὁ
919 1193 1010 1274 οἶνος
1029 1197 1064 1262 ἐκ
1082 1206 1143 1262 τοῦ

129 1302 192 1376 ΞΟ
215 1303 351 1386 ἀγγείου
369 1301 425 1368 ἀιά
444 1313 503 1369 τοῦ
528 1309 565 1368 Π
567 1309 597 1368 Ρ
616 1310 764 1387 σωλῆνος
789 1303 950 1388 ἐνεχθείς·
972 1302 1027 1368 καὶ
1050 1306 1141 1369 ἔσται
1155 1324 1184 1363 ιο

127 1411 264 1493 γεγονὸς
287 1410 324 1473 τὸ
347 1413 572 1494 προκείμενον.
609 1412 711 1475 πάλιν
734 1405 796 1475 οὖν
818 1407 898 1475 κενά
916 1421 1008 1494 μενεῖ
1025 1407 1065 1475 τὰ
1083 1410 1141 1492 ἀγ-

126 1526 214 1599 γεῖα,
242 1515 321 1580 ὅταν
344 1515 518 1601 ἐκρυέντος
540 1525 600 1581 τοῦ
623 1518 787 1602 κράματος
810 1516 827 1581 ὁ
852 1515 914 1601 ἀὴρ
937 1519 1069 1602 χωρήσῃ
1094 1518 1140 1592 εἰς

127 1620 211 1686 αὐτὰ
233 1620 289 1686 διὰ
312 1631 372 1687 τοῦ
396 1626 434 1686 Π
436 1626 466 1686 Ρ
484 1628 640 1705 σωλῆνος.

580 1851 680 1916 XXV.

189 1973 341 2059 Ἀγγείου
373 1979 483 2059 ὄντος,
521 1976 557 2041 ἐν
585 1968 612 2063 ᾦ
639 1977 730 2062 ὕδωρ
760 1977 844 2060 ἐστί,
881 1975 935 2042 κοιλ
962 1987 1108 2063 κρουνοῦ
1133 1975 1180 2065 115

73 2105 112 2144 ιω
125 2082 333 2169 ὑπάρχοντος
357 2083 393 2148 έν
411 2083 511 2172 αὐτῷ,
532 2083 568 2148 έν
586 2075 614 2170 ᾧ
631 2087 720 2160 κλείς
739 2083 818 2167 ἐστι,
837 2085 956 2172 ζωδίου
975 2083 1004 2149 θ’
1028 2085 1139 2170 ε’τιινη-

126 2189 269 2275 χομένου
301 2189 355 2256 ἐπὶ
387 2200 447 2256 τοῦ
479 2191 614 2274 ὕδατος,
647 2191 727 2256 ὅσον
754 2190 796 2256 ἀν
823 2189 879 2257 διὰ
906 2201 966 2256 τοῦ
993 2200 1139 2276 κρουνοῦ

126 2296 300 2382 ἀφέλωμεν
325 2297 418 2383 ὕδωρ
450 2297 485 2361 έκ
507 2306 567 2362 τοῦ
590 2297 711 2384 ζωθίου
734 2293 825 2374 οἶνος
849 2297 1033 2383 έκιρρεῦσει
1056 2298 1139 2382 πρὸς

126 2406 229 2486 λόγον
251 2404 310 2468 τὸν
334 2403 478 2468 δοθέντα
500 2410 547 2490 τῷ
570 2401 787 2488 ἀφαιρεθέντι
810 2403 917 2468 ὕδατι.

170 2508 291 2573 -Ἕστω
319 2506 382 2593 γὰρ
406 2509 443 2572 τὸ
466 2517 527 2573 τοῦ
549 2508 670 2584 ὕδατος
694 2509 828 2593 ἀγγεῖον
850 2512 887 2575 τὸ
907 2514 972 2574 ΑΒ
995 2512 1140 2595 κρουνὸν
1154 2528 1181 2568 2⁰

127 2618 205 2699 έχον
234 2616 294 2679 τὸν
318 2617 350 2678 Γ
373 2613 643 2699 ἀποκλειόμενον·
667 2613 720 2680 έιιὶ
743 2611 780 2679 δὲ
803 2625 863 2681 τοῦ
885 2615 1006 2694 ὕδατος
1030 2616 1141 2700 έκινη-

195 2793 215 2838 ει
241 2781 349 2838 7-10
377 2777 448 2838 ὅταν
475 2775 532 2858 ἀρα
639 2778 769 2860 ἐνεχθείς
788 2775 872 2839 =b
897 2783 1040 2840 22-26:
1071 2780 1141 2842 ὅταν

128 2865 186 2947 ἀρα
213 2864 377 2945 ἀνοίξωμεν
405 2865 456 2928 τὸν
479 2870 544 2927 ΧΦ
571 2867 715 2948 κροννόν,
742 2865 840 2950 ρεῦσει
867 2861 907 2928 δι’
932 2867 1025 2930 αὐτοῦ
1053 2869 1084 2930 τό
1112 2891 1142 2930 τε

129 2952 323 3036 <ἒμβληθέν>
346 2955 388 3028 εἰς
411 2954 443 3016 τὸ
462 2959 521 3016 ΑΒ
544 2954 661 3038 ἀγγεῖον
685 2957 766 3037 ὕδωρ
788 2955 839 3018 καὶ
861 2954 877 3018 ὁ
902 2950 983 3030 οἶνος
1007 2954 1023 3018 ὅ
1046 2957 1079 3018 ἐν
1100 2964 1140 3042 τῷ

126 3042 186 3111 ΞΟ
212 3043 318 3130 ἀγγείῳ
343 3042 393 3104 διὰ
415 3054 468 3106 τοῦ
492 3049 554 3104 ΠΡ
573 3050 705 3125 σωλῆνος
728 3043 859 3126 ἐνεχθεὶς
882 3045 932 3106 καλ
954 3045 1077 3126 κραθεὶς
1099 3051 1139 3130 τῷ
1153 3059 1179 3100 25

127 3133 177 3194 διὰ
200 3143 253 3194 τοῦ
280 3137 335 3192 ΤΡ
353 3133 446 3193 ὕδατι.

198 3345 267 3394 6-7
292 3333 372 3402 οὗτος
471 3340 585 3410 ἀγγεῖον
608 3356 661 3393 om.
680 3339 727 3410 A1¹
752 3340 815 3393 add.
835 3339 871 3410 A,
967 3346 982 3393 7
1007 3343 1140 3409 σωλῆνοςε

125 3411 144 3465 f.
165 3413 287 3480 σίφωνος
377 3407 558 3484 θέμβληθὲν
581 3410 617 3465 T:
646 3405 785 3483 έκβληθὲν
808 3408 863 3464 AG
954 3415 985 3464 11
1010 3418 1094 3481 μενεῖ
1110 3410 1139 3479 b,

125 3484 274 3537 νιοκιῦνκι
291 3481 326 3536 L:
345 3479 424 3552 μένει
442 3497 460 3536 a
537 3487 641 3536 11-13
660 3481 745 3535 πάλιν
765 3522 814 3536 ...
835 3485 956 3550 σωλῆνος
973 3480 1004 3534 in
1022 3481 1140 3535 dubium

126 3555 208 3608 vocat
221 3552 331 3608 Roehas
347 3571 374 3622 p.
386 3558 437 3607 130
511 3559 543 3606 12
557 3552 668 3623 χωρήσῃ
683 3550 763 3622 Ο,Μ;
782 3551 901 3621 χωρήσει
915 3551 1027 3623 οΒο,Ρ
1099 3551 1140 3616 εἰς
