2598 3886
136 198 180 264 58
255 199 403 253 αεααοε
421 195 688 258 mmmmm·
706 196 974 252 αααυαιυιιιιια
991 198 1024 251 ι.

136 361 218 425 ὅλον
243 366 380 445 κρνῳθῇ
406 361 444 424 τὸ
471 362 643 444 σφαιρίον·
668 357 723 423 καὶ
751 359 769 425 δ
796 355 857 444 μέν
884 352 975 434 οἶνος
1003 359 1059 424 διὰ
1084 368 1144 424 τοῦ

134 465 249 549 ἠθμοῦ
277 464 469 551 εἰσέρχεται,
496 464 568 532 ὁδ’
596 465 688 541 ἐντὸς
715 463 778 551 ἀὴρ
806 463 994 550 ἐκκρούεται
1016 463 1071 529 καλ
1094 463 1145 530 έκ-

136 581 237 657 χωρεί
267 571 322 636 διδι
355 580 415 637 τού
443 573 505 636 ΓΔ
538 577 694 655 σωλῆνος.
736 572 814 637 ὅταν
848 565 910 637 οὖν
938 575 984 660 τῷ
1014 572 1144 659 μεχάλῳ

136 677 286 765 δακτύλῳ
314 701 364 754 τις
385 675 501 755 πιέσας
523 679 560 744 τὸ
584 680 616 743 Γ
635 679 772 764 στόμιον
793 685 853 744 τοῦ
877 681 1024 762 σωλῆνας
1047 673 1143 764 έξάρρ

135 785 174 850 τὸ
202 786 360 868 σφαιρίον
388 782 424 848 έκ
453 792 513 848 τοῦ
540 789 650 868 οίνου,
678 783 719 850 ού
746 785 789 868 μὴ
817 784 972 870 ῥυήσιται
998 784 1016 852 δ
1040 783 1077 849 έν
1098 792 1143 872 τᾷ
1171 801 1185 843 5

135 891 280 977 σῳαιρίῳ
313 883 405 965 οίυος
435 890 492 954 διὰ
523 890 560 954 τὸ
592 891 636 974 μὴ
668 891 835 955 δύνασθαι
872 892 920 967 εἰς
949 891 1009 956 τὸν
1041 891 1144 974 (τοῦ)

135 1003 236 1060 κενοῦ
259 997 363 1060 τόπον
385 991 466 1080 ἀέρα
483 1001 772 1082 παρεισκριθῆναι·
790 995 811 1079 ἡ
830 995 893 1083 γὰρ
912 1003 1070 1082 είσκρισις
1088 997 1145 1060 διά

135 1111 197 1166 τοῦ
216 1102 249 1164 Γ
263 1101 400 1184 στομίου
417 1100 567 1186 ὑπάρχει,
584 1099 655 1184 ἥτις
675 1099 911 1187 έπιπέῳρακται
926 1109 971 1190 τῳ
986 1099 1144 1188 δακτύλῳ.

135 1207 217 1272 ὅταν
240 1201 302 1273 οὖν
324 1207 524 1292 βουλώμεθα
547 1203 710 1293 προέσθαι
732 1207 792 1272 τὸν
809 1201 915 1292 οἶνον,
933 1207 1068 1292 ἀνίεμεν
1083 1207 1145 1271 τὸν
1270 1269 1272 1274 .

136 1314 315 1396 δάκτυλον,
343 1313 361 1379 δ
385 1309 421 1378 δέ
443 1312 506 1399 ἀὴρ
530 1312 698 1398 ἐμπίπτων
719 1319 841 1400 πληροῖ
862 1315 921 1379 τὸν
943 1314 1144 1396 κενούμενον
1157 1331 1185 1372 ιο

134 1422 251 1485 τόπον·
284 1418 342 1484 έάν
374 1416 411 1484 δὲ
441 1421 542 1486 πύλιν
573 1418 737 1504 πιέσωμεν
767 1428 812 1507 τῷ
842 1420 991 1506 δακτύλῳ
1023 1420 1084 1502 τὴν
1116 1421 1149 1483 Γ

135 1525 324 1608 ἀναπνοήν,
352 1525 413 1590 οὐκ
443 1524 648 1612 έκρυήσεται,
676 1527 752 1610 ἀχρι
780 1524 823 1590 διν
847 1526 950 1591 πάλιν
976 1524 1145 1609 ἀνέσωμεν

134 1638 182 1718 τῳ
210 1631 360 1718 δακτύλῳ
383 1631 444 1714 τὴν
467 1632 500 1694 Γ
517 1629 696 1714 ἀναπνοήν.
733 1629 836 1708 έξεστι
860 1625 897 1695 δὲ
919 1629 974 1696 καὶ
996 1632 1043 1707 είς
1065 1637 1144 1715 θερ-

135 1737 201 1820 μὸν
227 1734 319 1820 ὕδωρ
346 1734 367 1818 ἢ
393 1735 524 1821 ψυχρὸν
553 1736 719 1819 βύπτοντα
745 1737 846 1802 πύλιν
876 1734 1041 1827 συνέχειν,
1074 1731 1144 1801 εἶτα

134 1842 329 1925 προΐεσθαι,
357 1838 438 1905 ὅσον
465 1838 523 1904 έάν
549 1841 800 1926 προαιρώμεθω,
830 1842 923 1928 ἀχρις
952 1840 994 1906 ἀν
1015 1850 1082 1906 πᾶν
1104 1841 1141 1906 τὸ
1156 1860 1184 1902 ιε

134 1945 174 2012 έν
196 1951 242 2033 τῷ
264 1947 408 2032 σῳαιρίῳ
431 1951 578 2032 κενωθῇ·
605 1944 668 2011 κδιυ
692 1944 868 2032 ἐπικαμπές
891 1944 927 2012 δέ
949 1945 1082 2031 γένηται
1104 1948 1142 2012 τὸ

202 2141 223 2187 a
246 2128 473 2203 58‚1-60‚3
496 2126 546 2188 καὶ
569 2124 585 2188 δ
609 2124 663 2207 μὲν
686 2121 767 2201 οἶνος
866 2128 1144 2209 καταλαμβάνεσθαι

135 2215 169 2276 τδ
191 2215 372 2294 στόμιον-
330 2242 372 2251 -
390 2210 414 2275 l)
434 2216 710 2295 58,18—60,22·
732 2215 782 2278 καί
805 2213 821 2276 δ
844 2213 898 2295 μέν
917 2211 998 2290 οἶνος
1018 2216 1066 2278 διὰ
1083 2225 1143 2277 τῶν

134 2303 332 2414 τρυπημάτων
364 2302 567 2382 εἰσελεύσεται,
598 2301 614 2364 δ
647 2301 674 2364 δ’
700 2301 783 2377 έντδς
810 2303 868 2415 ύχὴρ
895 2303 1143 2386 έκκρουσθήσεται

134 2389 186 2452 καὶ
213 2387 368 2472 ἐκχωρήσω
395 2390 444 2451 διδι
471 2399 524 2454 τού
547 2393 604 2452 ΓΔ
631 2397 770 2472 σωλῆνος.
816 2393 887 2454 ὅταν
910 2390 942 2454 δὲ
965 2416 1004 2478 τῳ
1028 2394 1141 2479 μεγάλῳ
1155 2407 1182 2447 2⁰

135 2479 269 2564 δακτύλῳ
291 2475 393 2552 πιέσας
414 2502 459 2552 τις
481 2478 513 2541 τὸ
535 2483 561 2540 Γ
579 2480 699 2560 στομιον
721 2477 809 2566 έξάρχ
830 2480 863 2543 τὸ
882 2482 1021 2563 σφαιρίον
1039 2481 1072 2543 έκ
1090 2489 1143 2543 τοῦ

134 2567 236 2647 οἴνου,
264 2565 300 2628 ού
328 2563 503 2648 ρυήσεταιδ
526 2566 621 2653 έντῳ
638 2570 771 2678 σῳαιρίῳ
793 2543 876 2642 δίνας
899 2569 948 2630 διδι
970 2568 1002 2631 τὸ
1026 2569 1066 2649 μὴ
1089 2571 1142 2632 δύ-

135 2661 248 2718 νασθαι
274 2655 316 2728 είς
342 2654 394 2717 τὸν
420 2665 473 2717 τού
500 2666 588 2718 κενοῦ
615 2655 707 2719 τύπον
734 2655 805 2738 ἀέρα
830 2663 1088 2739 παρεισκρνθῆναι
1122 2655 1142 2736 ἡ

133 2745 191 2826 χδιρ
214 2743 352 2824 εἴσκρισις
375 2743 424 2804 διὰ
442 2754 494 2806 τού
512 2745 542 2804 Γ
555 2746 676 2825 στομίου
695 2743 869 2827 ύπύρχει,”
849 2769 914 2825 ητις
932 2744 1142 2827 ἑπιπέφρακται

134 2839 175 2894 τῶ
200 2832 340 2917 δακτύλῳ.
382 2831 453 2893 ὅταν
476 2831 507 2894 δὲ
530 2835 668 2920 βουληθχ
690 2831 887 2914 προέσθαιδ
855 2858 870 2896 ι
889 2859 907 2896 ν
925 2828 1019 2914 οἶνον,
1042 2833 1095 2896 ἀνί
1081 2836 1142 2914 ίησι
1156 2847 1182 2890 25

135 2895 189 2983 τδν
213 2919 357 2982 δύκτυλον
379 2917 412 2981 έκ
433 2931 486 2982 τού
505 2923 535 2982 Γ
553 2923 684 3002 στομίου,
706 2921 757 2984 καὶ
779 2920 795 2983 δ
819 2919 876 3005 ἀὴρ
899 2921 971 3002 έμπί
969 2943 1049 2984 πτων
1069 2927 1143 3002 πλη-

134 3015 189 3092 ροῖ
213 3008 265 3070 τδν
296 3009 478 3089 κενούμενον
509 3009 612 3073 τύπον·
645 3008 661 3072 ὁ
693 3009 749 3093 γὰρ
783 2947 876 3085 οἶνοςρ
896 3007 977 3092 έκρει
1004 3009 1053 3072 διὰ
1085 3020 1143 3072 τῶν

135 3098 342 3180 τρυπημύτων,
363 3097 414 3158 καὶ
435 3099 524 3159 πάλιν
546 3097 598 3160 έδιν
620 3097 706 3212 πιέσχ
728 3123 768 3184 τῳ
792 3100 924 3186 δακτύλῳ
947 3098 1002 3178 τὴν
1022 3098 1086 3160 Γ’
1070 3123 1143 3160 ανα-

134 3186 245 3265 πνούν,
264 3185 439 3266 σταθήσεται
456 3182 476 3266 ἡ
495 3187 579 3268 ῥύσις
597 3198 649 3250 τού
669 3189 766 3250 οἴνου
788 3163 936 3250 ἀπολυθεί
922 3189 988 3267 ίσης
1007 3181 1035 3249 δ’
1051 3179 1143 3261 αὖθις

133 3285 187 3356 τῆς
211 3274 371 3358 ἀναπνοῆς
386 3272 614 3358 έκρυήσεται,”
594 3301 677 3358 αχρις
700 3300 739 3337 αν
760 3276 898 3426 πιέσῃ
869 3283 909 3338 τῶ
933 3276 1065 3361 δακτύλῳ
1087 3274 1142 3355 τὴν
1156 3291 1183 3331 ³⁰
1279 3270 1287 3284 Χ

133 3367 164 3423 Γ
191 3362 354 3443 ἀναπνοήν.
403 3362 493 3438 ἔξεστι
525 3362 557 3425 δέ
586 3365 635 3425 καί
662 3364 704 3437 εἰς
731 3363 844 3445 θερμὸν
828 3366 951 3446 νύδωρ
978 3362 999 3445 ἢ
1025 3363 1143 3445 ψυχρὸν

25 3477 36 3496 1
133 3452 285 3532 βοίπτουτα
312 3449 444 3532 συνέχειν
471 3475 500 3514 τε
526 3451 577 3513 και
603 3454 692 3514 πάλιν
716 3453 932 3534 προΐεσθαι,”
915 3470 986 3515 οσον
1008 3449 1046 3514 διν
1069 3473 1143 3534 προ-

133 3539 246 3620 αιροῐτό
268 3563 323 3618 τις,
345 3537 428 3621 ύχρις
450 3537 489 3602 διν
512 3550 572 3602 πᾶν
594 3539 626 3603 τὸ
649 3539 682 3602 έν
700 3563 740 3627 τῳ
758 3541 887 3628 σῳαιρίῳ
904 3541 995 3623 ὑγρὸν
1013 3547 1143 3626 κενωθῇ.
