2604 3908
176 150 242 215 382
279 152 429 206 muoz
446 151 649 212 ΑΔΕΞΔΝΔΡ.
662 157 751 208 ΠΕΡΙ
768 156 1185 211 ΑΤΤΟΜΑΤΟΠΟΙΗἨΚΗΣ.

174 316 211 379 τὸ
242 319 274 379 Ε
303 316 469 401 τρύπημα,
501 314 537 381 έκ
568 312 606 380 δὲ
637 317 758 382 τοῦτον
790 316 982 382 ἁλνσείδιον
1012 317 1050 382 τὸ
1079 321 1189 382 ΗΘΚ

174 419 421 505 ἀποδεδομένον
460 419 536 507 περὶ
574 420 709 500 ἀξόνιον
731 421 838 500 ,ἐντός
874 433 934 488 τοῦ
970 426 1085 508 βωμοῦ
1120 425 1186 490 κεί-

140 550 276 612 ςμενον
306 525 362 592 καὶ
393 527 538 604 εὐλύτως
565 532 799 615 στρεφόμενον.
844 528 899 594 *ἐν
926 526 963 594 δέ
990 539 1036 618 τῷ
1064 529 1185 620 άξονίφ

173 633 391 700 ἀποδεδόσθω
415 636 462 710 είς
484 635 545 718 την
568 639 660 700 λείαν
682 637 839 723 σπάρτος·
863 636 945 720 αὕτη
969 632 1006 701 δὲ
1025 639 1105 722 μετὰ
1123 639 1185 721 τὴν

172 744 311 828 πορείαν
335 748 474 806 ταθείσα
496 741 561 806 ὑπὸ
585 750 642 826 τῆς
665 745 755 818 λείας
778 740 965 829 ἐπιστρέψει
988 744 1025 808 τὸ
1049 742 1184 822 ἀξόνιον
1210 762 1224 802 ⁵

172 844 227 911 καὶ
258 847 457 932 παραλλάξει
489 849 526 913 τὸ
557 850 723 932 λεπίδιον,
755 847 810 914 καὶ
837 858 894 933 τῆς
921 849 1066 934 ἀγκύλης
1093 850 1185 916 έκπε-

172 953 295 1036 σοάσης
317 951 381 1018 ἀπὸ
404 962 465 1018 τοῦ
488 955 590 1019 πάλον
613 956 652 1019 τά
676 953 749 1038 ἑξῆς
767 955 1062 1039 ἐπιτελεσθήσεται.
1102 957 1184 1022 ὑπο-

170 1061 295 1124 κείσθω
315 1056 353 1124 δὲ
375 1068 421 1146 τῷ
438 1064 470 1124 Ε
486 1063 671 1146 τρυπήματι
694 1062 844 1148 λαμπτὴρ
864 1062 881 1128 ὁ
900 1067 982 1127 ΜΝ
996 1063 1057 1146 την
1075 1066 1184 1147 φλόγα

171 1167 257 1250 ἔχων
286 1164 507 1251 ὑποκειμένην
537 1176 583 1255 τῷ
612 1170 806 1254 τρνπημοιτι.
856 1168 1032 1234 έπικείσθω
1061 1168 1112 1253 δέ,
1140 1171 1184 1246 ὡς

171 1275 377 1358 προείρηται,
406 1273 443 1339 έν
470 1283 516 1362 τῷ
542 1279 643 1363 βωμῷ
670 1275 733 1359 ὕλη
761 1273 930 1360 δυναμένη
956 1276 1103 1352 εὐκόπως
1126 1275 1223 1341 civ-1⁰

138 1381 342 1445 λάπτεσθοιι.
388 1386 515 1465 μᾶλλον
542 1377 579 1446 δὲ
606 1393 676 1464 τῶν
702 1383 812 1449 άλλων
839 1393 928 1448 ποιεί
950 1384 990 1448 τὰ
1012 1385 1183 1448 τεκτονικά

119 1505 158 1547 ωε
172 1484 326 1571 ξύσματα.
376 1487 456 1552 όταν
487 1483 550 1552 οὖν
578 1490 806 1574 πορευόμενον
833 1490 870 1554 τὸ
895 1488 900 1572 λ
923 1492 1085 1555 πλινθίον
1112 1497 1183 1575 στῇ,

170 1596 244 1682 τότε
279 1593 299 1676 ἡ
338 1592 373 1658 ἐκ
409 1603 469 1660 τοῦ
502 1597 611 1659 ΗΘΚ
645 1595 838 1660 ἁλνσειδίον
870 1596 1013 1682 σπάρτος
1044 1603 1183 1661 ταθεῑσοι

171 1698 382 1765 ἐπισπάσεται
414 1702 451 1766 τὸ
482 1705 552 1765 ΖΗ
579 1703 745 1785 λεπίδιον,
777 1702 860 1766 ὥστε
891 1701 1091 1787 ἀνοιχθῆναι
1122 1703 1183 1786 την

171 1805 257 1889 ὀπὴν
284 1803 339 1870 καὶ
366 1807 427 1889 την
454 1809 563 1891 φλόγα
593 1809 662 1871 ἀνω
691 1807 884 1891 ἐνεχθεῖσαν
911 1805 1096 1872 ἀνακαῦσαι
1123 1809 1182 1873 τὸν
1195 1824 1222 1866 1⁵

170 1915 291 1997 βωμόν.
341 1913 380 1978 τά
412 1911 442 1976 δ’
475 1912 558 1978 αὐτὰ
591 1912 790 1978 έπινοείσθω
817 1910 872 1979 καὶ
899 1911 953 1978 ἐπὶ
980 1923 1040 1978 τοῦ
1069 1911 1181 2001 ἑτέρον

169 2021 301 2104 βωμοῦ,
333 2021 438 2104 μόνον
470 2019 520 2084 ότι
552 2021 589 2084 τὸ
622 2029 678 2104 τῆς
710 2021 859 2105 σπάρτον
890 2020 1040 2104 χάλασμα
1071 2024 1182 2105 μεῖζον

170 2121 255 2191 εἶναι
278 2127 330 2191 δεῖ
352 2135 412 2190 τοῦ
435 2135 500 2191 νῦν
523 2124 713 2212 εἰρημένου,
742 2125 829 2203 ὅπως
855 2127 937 2191 κατά
959 2124 1113 2211 τάςέξης
1135 2151 1182 2191 κι-

169 2235 281 2316 νήσεις
294 2239 433 2298 τοιθεῑσα
451 2231 471 2315 ἡ
487 2233 631 2318 σπάρτος
649 2232 710 2315 την
729 2230 844 2318 ἑτέραν
862 2231 979 2311 ἔξαψιν
996 2236 1182 2317 ποιήσηται.

75 2339 155 2405 XHI
236 2341 331 2405 Μετὰ
350 2335 387 2404 δὲ
410 2340 471 2422 την
493 2342 619 2404 θνσίαν
642 2339 693 2404 δεῖ
716 2338 751 2403 ἐκ
773 2335 835 2424 μὲν
857 2347 917 2404 τοῦ
939 2339 1073 2424 θύρσον
1096 2340 1181 2421 γάλα
1195 2358 1223 2398 ιο

168 2445 447 2528 ἀναπιτνσθῦνοιι,
471 2444 506 2509 ἐκ
529 2440 567 2510 δέ
589 2454 649 2510 τοῦ
673 2445 823 2530 σκύφους
846 2440 949 2510 οίνον.

135 2559 153 2613 2
237 2554 369 2616 Γίνεται
392 2546 454 2615 οὖν
476 2548 531 2616 καὶ
554 2559 652 2616 τοῦτο
676 2550 795 2628 οὕτως·
817 2551 883 2616 ὑπὸ
901 2553 979 2628 τοὺς
997 2553 1102 2628 πόδας
1120 2562 1180 2618 τοῦ

168 2657 341 2723 Διονύσον
365 2659 518 2742 συμφυὴς
540 2661 666 2740 γίνεται
691 2657 801 2740 σωλην
824 2660 909 2741 ἔχων
931 2660 1124 2744 τρνπηματα
1143 2658 1182 2724 ἐν

168 2774 207 2850 τῇ
235 2764 411 2850 ἐπιφανείᾳ
439 2762 537 2847 ἐγγὺς
560 2763 714 2847 άλλήλων
741 2765 819 2848 δύο,
848 2763 883 2829 ἐκ
906 2760 943 2829 δέ
966 2766 1094 2830 τούτων
1116 2782 1180 2830 σω-

239 3033 255 3081 2
274 3027 398 3083 ἀποδεδο
420 3026 485 3083 ε’νον
504 3027 541 3083 G:
560 3026 777 3100 ἀποδεδομένων
792 3027 897 3100 A(?)T:
916 3025 1131 3097 ἀποδεδεμένων
1149 3027 1180 3081 Μ

203 3094 282 3161 έντδς
303 3097 369 3155 AG:
394 3046 456 3155 έάτδ
481 3098 504 3151 Τ
576 3100 758 3163 θάλότωςΤ
829 3098 848 3154 f.
874 3094 904 3154 ἐκ
928 3097 959 3154 δὲ
983 3106 1032 3153 τοῦ
1053 3099 1179 3167 ἀξονίον,

166 3170 222 3226 nisi
239 3170 371 3225 laounam
388 3173 453 3240 post
471 3171 574 3242 ἀξονάμ
594 3173 717 3226 statuere
735 3170 823 3226 mavis
895 3175 912 3224 4
937 3169 1123 3224 ἀποδεδόοθω
1147 3184 1179 3225 ιιι

166 3240 351 3297 ἀποδεδέσθο
374 3242 404 3294 Μ
498 3247 566 3295 6-7
590 3241 609 3296 f.
632 3251 681 3312 τῆς
789 3250 838 3296 τοῦ
866 3241 949 3295 τόλον
972 3243 1037 3310 post
1059 3241 1179 3311 πορείαν

166 3313 225 3384 (lin.
236 3313 263 3383 5)
277 3315 420 3382 transpon.
436 3314 486 3366 aut
500 3311 612 3368 omnino
627 3313 680 3368 del.
700 3313 734 3367 cf.
745 3332 772 3383 p.
783 3316 870 3381 34ss‚4
944 3317 978 3365 13
996 3311 1140 3367 ἁλνσιδίον
1155 3311 1179 3365 Τ

201 3383 220 3440 f.
236 3384 357 3455 σπάρτος
370 3379 563 3456 <έκδεθεῖσα>
635 3390 668 3438 18
683 3385 768 3438 κατὰε
786 3383 855 3453 μετὰ
869 3382 992 3437 Brinkm.
1050 3388 1082 3436 19
1097 3381 1178 3450 ποιή-

167 3454 280 3510 σεταιΤ
348 3455 678 3523 21ἀναπντισθηνοιιΜ.
712 3455 745 3510 ef.
757 3473 783 3524 p.
795 3459 855 3523 852,
866 3459 900 3508 10
968 3460 1001 3507 23
1015 3452 1034 3507 f.
1050 3453 1179 3523 σνμφνὴς

167 3524 305 3597 (τούτῳ).
343 3525 376 3579 ef.
391 3543 418 3594 p.
434 3530 525 3593 384‚4
