2574 3918
159 191 226 256 460
307 193 477 245 PHILONlS
495 195 545 244 DE
562 193 722 246 mommo
741 193 1019 248 SPIRITUALIBUS.

159 353 308 418 inducere
331 376 389 417 neo
412 355 725 418 controversanoium
748 354 944 418 obiectiones
971 354 1012 417 ad
1038 375 1193 438 presens

159 459 233 524 volo
248 463 452 545 pertraotare,
470 482 510 524 ne
529 460 766 544 dispendiosam
786 482 890 525 sermo
914 482 1003 524 meus
1027 460 1192 526 incurrat

159 566 387 650 prolixitatem.
402 570 529 631 constat
544 568 664 651 quippe
678 571 710 631 et
728 566 850 651 liquide
869 566 1056 649 declaratur,
1070 566 1189 632 immo

159 676 191 736 et
208 674 378 738 manifeste
397 674 504 738 sensui
528 678 661 758 apparet
684 675 771 759 quod
794 680 847 737 aer
870 695 970 737 unum
994 694 1032 736 ex
1055 673 1188 757 primis

159 779 203 844 sit
221 779 395 864 elementis,
414 802 453 844 ex
471 781 567 844 rebus
591 802 719 865 quoque
743 781 848 864 ptimo
870 780 966 844 nobis
989 778 1185 845 manifestis
1218 800 1232 841 5

159 890 191 950 et
206 887 265 950 sub
281 908 377 950 sensu
391 887 587 970 cadentibus,
600 910 635 952 re
649 888 788 972 quidem,
802 909 867 951 non
885 887 1015 952 nomine
1033 889 1184 952 tantum.

160 992 198 1055 de
228 1014 292 1076 quo
323 993 519 1057 sufficienter
549 994 693 1058 dicturus
724 1017 795 1058 sum
827 994 868 1057 ad
899 992 1184 1058 manifestandum

159 1098 246 1182 quod
269 1099 416 1183 intendo,
438 1103 471 1164 ot
493 1101 690 1166 confirmabo
715 1100 802 1185 quod
824 1106 880 1164 aer
903 1105 952 1164 est
975 1121 1092 1182 eorpus
1118 1101 1182 1166 sio.

640 1382 682 1448 H.

226 1523 261 1588 si
284 1527 370 1590 enim
392 1548 543 1610 aooepero
566 1547 636 1611 ras,
663 1526 751 1610 quod
773 1547 909 1589 vacuum
933 1547 1002 1589 esse
1029 1527 1178 1612 putatur,
1196 1548 1225 1586 lo

159 1632 205 1695 sio
234 1633 422 1710 formatum,
452 1637 488 1697 ut
516 1633 550 1696 in
577 1633 682 1696 medio
715 1631 759 1696 sit
790 1631 946 1719 amplum,
978 1631 1012 1695 in
1044 1653 1176 1697 summo

159 1738 316 1823 striotum,
335 1739 514 1806 cuiusmodi
534 1742 610 1804 sunt
628 1738 782 1822 amphore
801 1760 862 1826 quo
881 1738 914 1802 in
933 1738 1054 1824 Egipto
1078 1738 1175 1824 fiunt,

159 1848 191 1908 et
213 1845 394 1929 inpressoro
418 1845 499 1912 illud
522 1845 556 1914 in
579 1867 661 1929 sque
683 1844 890 1928 profundum,
917 1843 1018 1910 nichil
1041 1844 1175 1927 penitus

158 1975 239 2037 aque
257 1952 401 2038 intrabit,
421 1952 520 2016 donee
540 1952 653 2016 exierit
671 1951 745 2015 iude

157 2082 232 2143 pars
251 2061 342 2144 aeris,
365 2064 397 2123 et
420 2063 494 2143 post
518 2059 639 2123 exitum
662 2059 745 2122 aeris

157 2166 308 2252 fletaque
323 2167 494 2252 ingressus.
527 2166 623 2230 huius
637 2169 744 2234 autom

159 2274 300 2338 ostensio
332 2295 370 2336 ex
402 2272 464 2338 hoe
496 2273 556 2338 erit
589 2271 744 2357 exemplo.

158 2382 286 2462 oportet
304 2380 421 2464 itaque,
439 2383 476 2442 ut
490 2379 665 2462 aooipiatur
678 2401 745 2464 vas,

158 2485 251 2570 quale
274 2487 438 2572 predooui,
461 2508 526 2550 non
549 2485 656 2568 amplo
681 2507 744 2571 oro,

157 2592 192 2656 in
218 2594 307 2658 ouius
330 2593 430 2658 fundo
454 2592 497 2657 sit
519 2592 664 2656 foramen
687 2593 744 2656 mi-

156 2702 273 2762 nutum
287 2704 318 2764 et
331 2700 517 2763 obstruatur
527 2720 607 2763 oera.
631 2699 744 2764 deinde

103 2823 142 2863 θοι
157 2808 363 2873 eonvertatur
380 2827 437 2869 vas
457 2827 512 2869 ore
530 2827 623 2873 verso
647 2804 744 2892 etfpo·

157 2916 253 2976 natur
270 2913 305 2976 in
323 2911 483 2996 profundo
502 2934 592 3000 aquo.
634 2935 744 2978 ouran·

157 3020 233 3086 dum
269 3023 377 3088 tamen
409 3023 470 3104 est,
506 3023 542 3084 ut
579 3023 664 3084 reete
701 3020 744 3084 sit

156 3127 299 3211 positum
332 3149 352 3192 a
381 3125 473 3191 nulla
503 3125 553 3192 sui
580 3130 671 3210 parte
698 3127 745 3192 in-

157 3233 319 3298 clinatum.
366 3236 397 3296 et
426 3231 472 3296 sio
499 3231 694 3315 inprimatur
717 3254 789 3300 oum
812 3233 974 3318 mallibus,
1002 3232 1102 3296 donee
1122 3235 1167 3295 to-

155 3343 225 3404 tum
253 3340 288 3404 in
315 3361 398 3424 aqua
426 3339 658 3424 submergatur.
705 3339 792 3422 quod
815 3339 843 3404 si
866 3339 1022 3423 paulatim
1047 3343 1078 3404 et
1102 3361 1167 3404 sua

155 3445 239 3512 viter
262 3446 462 3529 extrahatur,
490 3445 672 3510 invenietur
696 3445 831 3510 interius
855 3446 988 3532 siecum,
1021 3445 1055 3512 in
1082 3444 1166 3512 nulla

156 3550 258 3633 ipsius
295 3555 386 3635 parte
422 3555 529 3634 pretor
565 3573 603 3616 oa
638 3551 778 3618 exterius
814 3552 1036 3618 madefaotum.
1095 3552 1165 3618 hino
