2574 3918
128 170 194 234 492
366 173 530 224 ulrauvn
547 172 597 223 on
615 172 901 225 assumseram.

128 333 369 418 maticasque
387 355 447 397 res
465 333 622 397 invenit.
655 334 711 397 sed
724 333 773 397 uti
786 333 907 397 fuerint
921 355 959 396 ea
972 333 1152 418 exquisita,

130 439 264 526 dignum
278 444 328 505 est
342 440 495 505 studiosis
515 461 695 526 agnoscere.
726 439 923 505 Ctesibius
938 440 1023 504 enim
1037 441 1152 504 fuerat

130 545 342 636 Alerqandriac
356 550 451 611 natus
466 549 556 631 patre
570 550 709 611 tonsore.
746 547 774 611 is
788 547 918 632 ingenio
933 550 965 610 et
982 547 1151 610 industria
1265 543 1267 652 l

129 676 247 739 magna
265 657 391 737 praeter
413 653 554 737 reliquos
578 653 735 718 excellens
759 652 863 718 dictus
887 657 936 718 est
959 653 1147 717 artificiosis

130 761 226 825 rebus
244 781 277 825 se
291 759 459 830 delectare.
488 779 625 843 namque
640 780 713 823 cum
727 759 882 825 voluisset
896 760 930 822 in
944 760 1077 823 taberna
1091 759 1148 824 sui
1183 778 1201 818 5

131 867 233 951 patris
252 865 417 949 speculum
435 866 482 930 ita
504 866 650 950 pendere,
673 869 709 930 ut
732 887 805 930 cum
829 866 997 930 duceretur
1020 887 1148 931 susum-

132 994 193 1057 que
226 972 443 1056 reduceretur,
474 971 559 1036 linea
590 971 694 1036 latens
726 972 852 1056 pondus
883 973 1061 1057 reduceret,
1097 973 1149 1036 ita

95 1077 312 1143 deonlocavit
329 1076 607 1142 machinationem.
644 1076 787 1140 canalem
805 1076 948 1162 ligneum
967 1077 1027 1142 sub
1050 1078 1146 1163 tigno

132 1185 204 1250 fixit
231 1184 342 1268 ibique
369 1184 506 1248 trocleas
534 1183 721 1247 conlocavit.
768 1205 825 1267 per
853 1183 996 1248 canalem
1024 1184 1146 1248 lineam

132 1291 168 1354 in
197 1291 351 1376 angulum
381 1288 514 1354 deduxit
545 1289 654 1374 ibique
686 1288 817 1353 tubulos
849 1290 976 1355 struxit.
1022 1289 1056 1354 in
1088 1312 1146 1354 eos
1162 1312 1196 1351 ro

133 1398 233 1482 pilam
252 1397 436 1481 plumbeam
454 1417 512 1480 per
529 1395 648 1459 lineam
667 1395 896 1460 demittendam
919 1395 1051 1461 curavit.
1097 1396 1147 1460 ite
1177 1441 1180 1446 -

133 1504 259 1588 pondus
287 1526 361 1569 cum
384 1502 578 1567 decurrendo
606 1501 641 1565 in
668 1501 833 1587 angustias
861 1503 1047 1566 tubulorum
1074 1525 1147 1586 pre-

132 1613 234 1674 meret
257 1609 337 1675 caeli
359 1609 573 1692 crebritatem,
595 1608 777 1672 vehementi
800 1609 935 1674 decursu
957 1631 1015 1693 per
1036 1609 1146 1673 fauces

132 1717 348 1802 frequentiam
380 1716 460 1780 caeli
491 1714 728 1798 compressione
766 1715 935 1780 solidatam
972 1716 1145 1781 extrudens

132 1823 168 1888 in
182 1817 287 1887 adrem
306 1825 469 1906 patentem
488 1821 663 1886 offensione
681 1825 786 1885 tactus
806 1821 931 1886 sonitus
945 1827 1146 1906 expresserat
1159 1843 1191 1886 ιε

98 1929 325 1995 sclaritatem.
368 1950 444 2014 ergo
474 1927 671 1992 Ctesibius
699 1949 772 1992 cum
801 1928 1078 1993 animadvertisset
1105 1951 1146 1992 ex

133 2041 223 2102 tactu
237 2037 316 2102 caeli
331 2039 363 2100 et
377 2035 636 2119 expressionibus
651 2034 784 2119 spiritus
803 2056 959 2121 vocesque
977 2035 1075 2121 nasci,
1093 2035 1145 2099 his

134 2143 302 2229 principiis
326 2163 404 2207 usus
431 2141 680 2226 hydraulicas
703 2141 898 2206 machinas
921 2142 1067 2226 primus
1090 2141 1146 2206 in-

135 2251 277 2315 stituit.
294 2250 372 2313 item
383 2271 537 2334 aquarum
548 2246 768 2331 expressiones
778 2251 1136 2333 automatopoeetasque
1184 2331 1188 2337 ἡ

134 2357 298 2421 machinas
326 2356 491 2440 multaque
522 2354 708 2418 deliciarum
738 2376 867 2440 genera,
899 2355 934 2419 in
962 2355 1014 2420 his
1036 2354 1144 2418 'etiam
1159 2359 1189 2416 so'

134 2462 378 2548 horologiorum
402 2483 441 2526 ex
464 2482 547 2546 aqua
569 2460 824 2544 comparationes
848 2461 1011 2544 explicuit.
1118 2537 1119 2540 Ἴ

80 2587 121 2628 aas
223 2568 431 2652 Primumque
454 2566 623 2632 constituit
646 2588 759 2631 cavum
787 2589 826 2631 ex
853 2589 931 2632 auro
948 2565 952 2655 l
968 2567 1144 2652 perfectum

135 2679 191 2738 aut
215 2696 254 2738 ex
277 2696 404 2762 gemma
426 2673 594 2738 terebrata.
641 2695 677 2736 ea
705 2674 789 2737 enim
817 2695 875 2738 nec
902 2678 1051 2738 teruntur
1076 2696 1144 2757 per-

100 2789 232 2846 5cursu
251 2802 351 2865 aquae
368 2801 428 2844 nec
447 2780 556 2844 sordes
579 2779 738 2864 recipiunt
762 2783 798 2843 ut
822 2780 1021 2845 obturentur.
1057 2803 1144 2845 nam-

137 2911 211 2974 que⁴
227 2886 403 2973 aequaliter
430 2908 488 2970 per
516 2886 550 2950 id
579 2907 692 2950 cavum
721 2886 858 2951 influens
888 2908 971 2972 aqua
1000 2888 1183 2965 sublevatas

138 2995 305 3080 scaphium
333 2993 509 3077 inversum,
539 2993 625 3077 quod
653 2994 692 3058 ab
721 2993 911 3058 artificibus¹
926 2993 1052 3078 phellos
1079 2995 1144 3059 sire

136 3107 327 3187 tympanum
351 3099 476 3164 dicitur.
523 3099 643 3183 inquo
672 3099 837 3164 conlocata
865 3104 914 3164 est
940 3101 1053 3186 regula
1079 3123 1144 3165 ver-

136 3209 224 3274 satili
259 3213 413 3291 tympano
451 3206 621 3270 denticulis
658 3206 845 3290 aequalibus
882 3207 1032 3290 perfecta.
1091 3208 1143 3291 qui

136 3315 290 3379 denticuli
318 3313 399 3378 alius
428 3313 526 3376 alium
557 3311 747 3395 inpellentes
777 3315 974 3378 versationes
1004 3315 1142 3379 modicas

43 3411 61 3415 ²
135 3421 259 3485 l‘aciunt
282 3423 313 3484 et
336 3419 503 3483 motiones.
549 3419 627 3481 item
651 3418 731 3482 aliae
754 3419 883 3505 regulae
911 3420 1036 3505 chaque
1064 3425 1142 3504 tym-
1156 3443 1181 3481 co

167 3549 220 3590 ma
243 3525 282 3589 ad
305 3525 440 3588 eundem
463 3524 594 3618 modum
618 3523 748 3596 dentata
774 3547 838 3588 una
865 3527 1008 3591 motione
1036 3531 1145 3595 coacta-
