2598 3886
151 171 195 234 80
268 168 417 221 amnon
435 154 701 225 ΑΔΕΞΑΝΔΡΕΩΣ
720 165 988 219 Παυυαεειαοα
1010 167 1040 218 A.

140 343 243 415 ’νεῖον
266 330 464 415 ἀντερείδων
486 336 532 416 τῷ
551 331 684 393 ΑΒΓΔ
702 329 884 414 πίιυθιδίῳ
902 325 957 392 καὶ
977 326 1164 392 ἀποκλείων

151 439 188 503 τὸ
212 446 328 522 τρῆμα,
351 434 394 500 δι’
423 431 464 500 οὗ
488 436 505 502 ὁ
528 433 592 520 ἀὴρ
616 437 813 501 είσωθείται.

140 821 142 842 2
213 772 291 838 Ἐπί
318 796 421 838 τινων
452 777 572 857 βωμῶν
605 773 711 857 πυρὸς
737 770 965 856 θυμιαθέντος
994 773 1034 836 τά
1060 793 1165 856 παρα-

149 883 284 964 κείμενα
307 877 407 966 ζςόδια
430 878 599 945 σπένδειν·
622 879 892 957 κατασκευάζεται
916 874 953 942 δὲ
976 877 1089 953 οὕτως.
1191 897 1205 937 5

141 995 143 1000 '
209 985 316 1050 Ἔστω
335 986 440 1069 βάσις,
460 983 509 1070 ἐφ’
529 980 571 1069 ’ἧς
590 983 704 1068 ἕστηκε
722 987 762 1050 τά
780 983 890 1072 ζςόδια,
908 985 929 1068 ἡ
944 987 1088 1067 ΑΒΓΔ,
1108 982 1159 1068 ἐφ’

141 1085 191 1176 οἷς
224 1091 387 1176 ἐφεστάτω
416 1093 526 1176 βωμὸς
553 1092 571 1158 3
599 1096 663 1157 ΕΖ
691 1093 826 1174 στεχνὸς
852 1094 1080 1176 πανταχόθεν·
1108 1089 1163 1154 καὶ

150 1198 235 1281 αὐτὴ
259 1195 296 1263 δέ
318 1197 338 1281 ἡ
362 1199 457 1282 βάσις
480 1199 598 1282 στεγνὴ
622 1201 704 1263 ἔστω
728 1196 971 1284 συντετρημένη
993 1205 1040 1284 τῷ
1063 1201 1163 1284 βωμῷ

149 1307 233 1370 κατὰ
255 1306 292 1369 τὸ
313 1308 358 1369 Η·
382 1307 438 1370 διά
461 1300 499 1370 δὲ
516 1315 574 1390 τῆς
591 1306 717 1389 βάσεως
736 1305 846 1387 σωλὴν
864 1306 1000 1370 διῶσθω
1019 1304 1037 1370 3
1059 1307 1130 1368 ΘΚ
1134 1309 1165 1369 Λ

153 1411 284 1496 ἀπέχων
307 1409 368 1496 μὲν
386 1411 449 1477 ἀπὸ
469 1421 529 1477 τοῦ
547 1410 719 1495 πυθμένος
737 1420 795 1494 τῆς
813 1412 939 1495 βάσεως
957 1413 1064 1497 βραχὺ
1081 1411 1164 1477 κατὰ
1178 1430 1205 1470 10

142 1515 189 1585 Ιτὸ
210 1524 250 1603 Λ,
270 1507 529 1604 συντετρημέυος
548 1514 585 1582 δὲ
602 1525 648 1604 τῷ
668 1521 801 1605 φιαλίςο,
821 1516 980 1601 ὃκατέχει
993 1518 1031 1581 τὸ
1046 1516 1166 1605 ζῴδιον

141 1629 235 1692 ,κατά
266 1627 303 1690 τὸ
338 1629 379 1689 Θ·
412 1625 601 1709 έχκεχύσθω
638 1620 675 1688 δὲ
702 1625 749 1700 είς
776 1625 837 1707 τὴν
864 1624 964 1706 βάσιν
990 1625 1047 1688 διά
1073 1647 1165 1700 τινος

140 1735 362 1818 τρυπήματος
389 1739 449 1795 τοῦ
478 1734 521 1795 Μ
541 1730 662 1816 ὑγρόν,
692 1729 710 1795 3
739 1730 819 1814 μετὰ
845 1730 907 1812 τὴν
930 1731 1066 1813 ἔγχυσιν
1088 1729 1166 1794 ἀπε-

142 1839 361 1921 στεγνώσθω.
404 1835 462 1901 ἐὰν
492 1831 554 1900 οὖν
578 1834 631 1901 ἐπὶ
653 1845 713 1902 τοῦ
737 1840 845 1900 ΕΖΗ
863 1839 977 1920 βωμοῦ
995 1845 1062 1922 πῦρ
1086 1835 1165 1901 ἀνα·

145 1947 279 2032 ’καυθῇ,
309 1945 509 2029 συμβήσεται
536 1943 596 2007 τὸν
623 1941 716 2019 έυτὸς
743 1942 824 2029 ἀέρα
851 1945 1095 2026 ίεπτυυόμενου
1118 1949 1166 2007 οί-
1179 1959 1206 2001 15

152 2060 271 2138 χεσθαι
294 2053 341 2128 είς
364 2052 425 2134 τὴν
447 2049 548 2134 βάσιν
569 2047 624 2115 καὶ
644 2047 814 2132 ἐκθλίβειν
831 2050 868 2115 τὸ
889 2048 926 2114 έν
944 2049 1026 2136 αὐτῇ
1045 2050 1164 2134 ὑγρόν·

151 2170 251 2226 τοῦτο
280 2154 317 2223 δὲ
344 2158 388 2242 μὴ
416 2159 493 2241 έχον
520 2157 625 2240 ἀλλην
652 2155 921 2241 ἀντιπερίστασιν
943 2158 1085 2243 χωρήσει
1108 2158 1164 2221 διὰ

152 2307 250 2388 χώραν
273 2301 352 2365 ὠθεῖ
369 2303 401 2364 τὸ
420 2306 541 2364 ΑΒΓΔ
562 2303 716 2382 πλινθίον,
738 2302 790 2364 καί
811 2300 1051 2384 έφαρμοζόμενον
1074 2311 1161 2364 τοῦτο

154 2401 193 2478 τῷ
217 2393 346 2453 ΕΖΗΘ
367 2393 453 2453 κλείει
476 2391 531 2470 τὴν
554 2390 666 2466 ἔξοδον.

221 2496 241 2543 a
264 2483 349 2541 4.—5
376 2475 446 2541 Ἐπί
470 2503 560 2542 τινων
586 2483 696 2561 βωμῶν
800 2481 894 2552 οὕτως
913 2507 955 2528 =
975 2476 997 2540 l)
1018 2482 1205 2540 21-22220

150 2567 222 2632 Ἐπί
242 2593 330 2631 τινων
352 2571 462 2649 βωμῶν
480 2568 574 2652 πυρὸς
593 2567 782 2648 ἀναφθέντος
801 2567 836 2630 τά
853 2569 1054 2649 παριστάμενα
1073 2563 1164 2650 ζῴδια

155 2662 255 2722 δοκεῖν
279 2655 424 2719 σπένδειν.

221 2763 241 2808 a
265 2749 516 2824 80,13—82‚4
548 2742 564 2807 3
593 2746 664 2826 μετὰ
690 2745 745 2825 τὴν
772 2745 889 2826 ἔγχυσιν
988 2742 1164 2822 ἀνακαίηται

156 2865 198 2887 ---
218 2833 241 2897 b
261 2838 312 2912 80,
328 2837 468 2912 24—82,
483 2837 516 2895 8:
544 2830 560 2896 3
588 2836 725 2915 βούλοιτό
752 2858 795 2907 τις
822 2832 860 2895 ἀν
889 2832 970 2908 δόξαι
997 2832 1029 2893 τὸ
1057 2827 1164 2917 ζῴδιον

154 2925 303 3002 σπένδειν,
325 2922 376 2986 καὶ
399 2923 469 3003 μετὰ
491 2923 546 3002 τὴν
568 2923 685 3005 ἔγχυσιν
709 2922 939 3004 ἀπεστεχνάσθω
962 2920 994 2983 τὸ
1017 2921 1162 3003 τρύπημα.
1178 2932 1205 2973 25

155 3014 208 3077 έάν
236 3004 291 3076 οὖν
318 3011 367 3074 ἐπὶ
393 3022 445 3074 τοῦ
473 3016 573 3073 ΕΖΗ
595 3015 698 3093 βωμοῦ
725 3022 784 3095 πῦρ
812 3010 954 3096 ἀναφθῇ,
984 3009 1164 3090 συμβήσεται

155 3104 206 3165 τὸν
233 3101 316 3176 έντὸς
343 3099 414 3181 ἀέρα
441 3100 657 3181 λεπτυνόμενον
686 3101 761 3184 πρὸς
788 3099 843 3178 τὴν
868 3101 957 3181 βάσιν
983 3105 1088 3181 χωρεῖν
1114 3098 1165 3160 καὶ

143 3193 304 3273 ’ἐκθλίβειν
326 3191 359 3252 τὸ
381 3189 414 3253 έν
438 3189 512 3275 αὐτῇ
535 3189 638 3273 ἀγρόν
662 3199 750 3253 τοῦτο
773 3187 805 3251 δὲ
828 3188 868 3270 μὴ
887 3187 953 3270 έχον
971 3187 1063 3269 ἀλλην
1082 3187 1164 3250 ἀντι-

143 3401 146 3408 ’
226 3383 345 3436 4τίνων
362 3381 404 3436 M:
423 3377 527 3434 τίνων
606 3379 659 3434 7f.
674 3376 764 3451 <καὶ>Ι
784 3379 875 3451 βωμὸς
952 3382 985 3432 10
1004 3376 1054 3445 μὲν
1073 3375 1164 3431 om‚T

192 3451 309 3508 1133:
329 3447 1024 3523 ρααιιι(μ1ιιάίιιίονα)Ιαθοιὸοοτι.Α;θῦΤ
1080 3453 1112 3502 12
1132 3447 1164 3502 δὲ

155 3558 208 3596 om.
225 3539 249 3594 G
324 3548 357 3594 14
377 3545 430 3611 εζη
450 3555 480 3596 a:
501 3543 535 3606 εζ
551 3538 637 3593 Paria.
654 3543 723 3592 2612

106 3696 153 3704 ’-
