2598 3886
150 211 194 276 84
267 212 417 265 ΗΡΩΝΟΣ
435 207 700 271 ΑΛΕΞΑΝΔΡΕΩΣ
719 209 987 264 mmmm
1005 212 1038 266 Δ.

208 372 315 439 Ἔστω
352 371 389 438 δὲ
425 373 443 438 ὁ
478 376 602 457 σωλήν,
639 371 682 438 δι’
720 368 760 437 οὗ
796 373 817 456 η
851 375 1017 457 θερμασία
1048 372 1160 458 μέλλει

152 479 375 565 ελσέρχεσθαι,
400 479 575 565 εὐρύτερος
597 481 678 544 κατὰ
696 480 733 544 τὸ
756 478 870 563 μέσον·
894 478 1075 563 ἀναγκαῖον
1097 482 1161 566 γὰρ

94 624 98 630 ,
151 588 214 670 την
242 588 429 672 θερμασίαν
458 585 478 668 ἢ
508 591 636 670 μᾶλλον
661 586 721 650 τὸν
748 585 811 650 ἀπὸ
841 586 961 669 ταύτης
988 585 1093 671 ἀτμὸν
1115 588 1163 662 εἰς
1268 587 1270 590 ’

152 692 334 780 εὐρυτέραν
364 691 572 779 χωρισθέντα
602 693 714 777 χώραν
740 695 877 758 πλείονα
902 696 1080 775 γίγνεσθαι
1106 690 1162 758 καὶ

151 805 269 865 πλεῖον
291 800 459 864 δύνασθαι
482 797 637 883 ἐνεργεῖν.
664 827 667 832 ·
1190 814 1204 856 5
1293 859 1298 876 ⁸

613 1027 701 1094 XIII.

212 1152 310 1218 Ἤνια
341 1165 408 1219 τῶν
437 1153 596 1237 ἀγγείων,
631 1153 689 1219 ἐὰν
722 1155 766 1238 μη
799 1159 1051 1240 πληρωθη,ου
1010 1151 1164 1239 οὐρέει·

153 1259 400 1346 πληρωθέντων
431 1256 468 1325 δέ
497 1270 650 1326 κενοῦται
681 1270 749 1326 πᾶν
778 1259 795 1325 ὃ
829 1263 895 1344 ἔχει
921 1260 1039 1346 ὑγρόν
1067 1283 1164 1325 κατα-

154 1368 341 1446 σκευάζεται
364 1363 457 1432 δέ
423 1367 536 1445 οὕτως.

144 1517 146 1520 -
212 1472 319 1538 Ἔστω
347 1473 482 1555 ἀγγεῖον
508 1475 545 1539 τὸ
572 1477 705 1538 ΑΒΓΔ
732 1472 1015 1558 ἀνεστομωμένον·
1043 1473 1099 1537 διὰ
1127 1468 1164 1536 ἀλ
1178 1488 1205 1528 1⁰

153 1589 215 1646 τοῦ
232 1578 404 1663 πυθμένος
422 1581 557 1645 ἀιώσθω
576 1582 649 1663 ἤτοι
666 1581 802 1656 πνικτὸς
819 1581 976 1663 ἀιαβήτης
993 1579 1011 1645 ὁ
1025 1582 1165 1644 ΕΖΗΘ

154 1685 175 1769 ἀγ
198 1686 367 1770 καμπύλος
390 1689 499 1770 σίφων
522 1686 539 1752 ὁ
563 1689 602 1749 H
604 1688 678 1750 ΘΚ.
724 1687 923 1770 συμβήσεται
949 1680 1011 1750 οὖν
1033 1689 1164 1769 πληρω-

154 1791 275 1869 θέντος
307 1801 367 1857 τοῦ
395 1794 528 1882 ΑΒΓΔ
558 1790 694 1874 ἀγγείου
725 1790 780 1857 καὶ
807 1791 1076 1877 ὑπερβλύσαντος
1103 1799 1164 1856 τοῦ

155 1898 277 1975 ὕδατος
304 1896 466 1984 φέρεσθαι
496 1895 539 1963 ἀί
571 1898 681 1963 αὐτῶν
707 1909 775 1963 τῶν
797 1899 964 1982 ἀιαβητῶν
985 1896 1041 1962 καὶ
1063 1897 1165 1963 πάλιν
1264 1975 1270 1989 .

156 2004 287 2096 &apem
307 2007 400 2091 ἀχρις
427 2004 469 2072 ἀν
496 2011 628 2090 κενωθῇ
655 2006 692 2069 τὸ
717 2008 849 2070 ΑΒΓΔ
872 2004 1021 2089 ἀγγεῖον,
1044 2004 1163 2089 ἐάνπερ
1178 2021 1204 2061 1⁵

156 2113 190 2176 ολ
217 2113 370 2194 ἀιαβηται
396 2113 455 2188 τὰς
481 2110 582 2197 ἀρχὰς
604 2113 724 2195 ἔχωσιν
750 2114 884 2194 ἔγγιστα
911 2121 971 2177 τοῦ
993 2109 1165 2196 πυθμένος

155 2227 217 2283 τοῦ
241 2217 387 2301 ἀγγείου,
410 2219 492 2283 ὥστε
514 2221 619 2301 μόνον
640 2217 738 2282 ὕδατι
757 2218 1122 2304 ἀιάρρυσινάπάρχειν.

620 2445 706 2512 XIV.

105 2588 145 2628 ιεε
225 2569 291 2634 Καὶ
323 2571 385 2635 δύο
417 2569 560 2653 ἀγγείων
592 2571 811 2657 ὑπαρχόντων
843 2571 899 2638 ἐπί
922 2596 1013 2648 τινος
1040 2573 1166 2655 βάσεως

159 2675 213 2742 καὶ
252 2684 311 2742 τοῦ
349 2675 422 2754 ἑνὸς
458 2676 568 2742 αὐτῶν
600 2677 860 2764 πεπληρωμένον
892 2685 1001 2763 οἴνου,
1037 2687 1097 2744 τοῦ
1130 2674 1168 2742 δέ
1182 2694 1208 2734 2⁰

160 2782 274 2870 ἑτέρου
310 2792 409 2848 κενοῦ
444 2781 650 2869 ὑπάρχοντος
680 2783 735 2849 καὶ
772 2783 968 2870 ἀμφοτέρων
1002 2786 1168 2870 κρουνοὺς

159 2890 304 2975 ἐχόντων
336 2889 534 2975 ἀνεηιγότας,
566 2890 607 2954 οὐ
634 2891 685 2977 ῥεῖ
712 2891 730 2956 ὁ
759 2887 864 2975 σίνος,
893 2890 951 2956 ἐὰν
977 2891 1020 2975 μὴ
1048 2889 1102 2954 καὶ
1130 2891 1167 2955 τὸ

160 2994 275 3082 ἕτερον
306 2994 448 3127 ἀγγεῖον
471 2995 593 3073 ὕδατος
619 3002 793 3084 πληρωθῇ·
825 2995 880 3062 καὶ
905 3000 978 3062 τότε
1006 2995 1109 3083 ἐκρέει
1133 2995 1168 3060 ἐκ

159 3099 222 3188 μέν
239 3111 299 3168 τοῦ
319 3100 392 3179 ἑνὸς
410 3101 520 3167 αὐτῶν
538 3098 610 3169 ὁ
575 3127 675 3188 οινος,
695 3102 730 3168 ἐκ
749 3100 786 3168 δὲ
804 3112 863 3169 τοῦ
883 3101 1044 3188 ἑτέρου
1014 3128 1051 3169 το
1065 3103 1168 3188 υδωρ,

160 3211 253 3294 ἀχρις
284 3208 326 3275 ἀν
357 3208 526 3295 ἀμφότερα
556 3216 701 3330 κενωθῇ·
728 3214 907 3275 καλοῦνται
935 3206 972 3275 δὲ
999 3210 1168 3294 ὁμοινοίας
1182 3227 1209 3268 2⁶

158 3325 326 3403 κρατῆρδς

234 3514 247 3561 1
272 3508 386 3592 disting.
406 3525 425 3565 a
513 3515 529 3563 2
552 3508 571 3563 f.
586 3507 690 3589 <ιιαλ>
696 3507 776 3564 κατὰ.
808 3527 832 3563 v.
853 3509 946 3564 adnot
967 3509 1069 3580 adfig.
1086 3515 1119 3563 1³
1138 3507 1169 3563 in

160 3577 365 3649 prolegomenis
418 3588 436 3637 4
450 3601 518 3652 χωρι
508 3577 625 3635 ισθέντα
639 3577 737 3649 scripsi
751 3580 903 3636 secundum
912 3581 941 3636 M
951 3528 1091 3653 (γωρηοθέ
1092 3583 1169 3652 ντα)ε
