2604 3908
133 159 199 224 392
235 161 385 214 ΗΡΩΝΟΣ
403 157 604 218 ΑΛΕΞΑΝΔΡ.
621 163 709 214 ΠΕΡΙ
728 162 1146 214 ΑΤΤΟΜΑΤΟΠΟΙΗΤΙΚΗΣ.

96 327 114 382 2
202 325 335 388 Γίνεται
363 318 400 387 δέ
428 321 545 399 οὕτως·
568 326 712 387 νοείσθω
743 323 780 388 τὸ
810 324 982 408 θωράκιον
1011 324 1047 388 τὸ
1078 323 1148 388 ἐπι-

132 433 287 514 κείμενον
319 427 356 494 έν
387 439 433 517 τῷ
467 429 673 516 τετραστύλφ
709 429 746 493 τὸ
780 432 914 494 ΑΒΓΔ
946 431 1023 513 έχον
1055 428 1149 506 ἐντὸς

134 535 248 621 ἕτερον
277 535 449 620 θωράκιον
478 536 515 600 τὸ
545 537 695 618 ΕΖΗΘ,
727 536 811 600 ὥστε
840 537 901 619 τὴν
930 535 1050 620 μεταξὺ
1080 548 1148 601 τῶν

134 644 196 710 δύο
215 644 328 728 χώραν
345 646 525 728 θωρακίων
541 642 643 724 κενὴν
666 641 701 706 έκ
719 651 779 706 τοῦ
797 643 884 706 κάτω
903 641 1024 728 μέρους
1041 644 1148 729 ὑπάρ-

133 774 214 835 χειν.
259 744 404 834 γενηθδν
427 744 464 812 δέ
492 747 620 832 πλέγμα
648 747 684 812 έκ
712 749 886 832 στεφάνων
910 749 1147 833 ῒτετραγώνων
1178 767 1192 808 5
1285 825 1288 830 Ι

133 861 239 941 πλοκη
263 855 318 940 οἵα
341 853 400 920 ε’άν
422 877 472 930 τις
495 853 655 936 βούληται
681 852 842 939 καὶπρὸς
865 856 926 938 την
949 857 1029 932 ὄψιν
1053 854 1149 940 εὐαρ-

135 965 263 1047 μόστως
292 958 347 1024 καὶ
378 969 476 1024 τοῦτο
504 956 629 1043 πτυγὲν
656 959 869 1046 ε’γκρύπτεται
898 962 945 1037 είς
974 961 1034 1025 τὸν
1062 963 1149 1046 εἰρη-

135 1067 238 1154 μένον
267 1065 386 1152 μεταξὺ
417 1077 484 1131 τῶν
514 1069 695 1152 θωρακίων
726 1069 830 1132 τόπον
861 1069 919 1143 τάς
948 1069 1017 1132 ἄνω
1047 1067 1150 1154 άρχδις

98 1173 317 1259 θέξημμένας
343 1176 421 1259 έχον
449 1171 483 1238 ἐκ
510 1181 571 1238 τοῦ
598 1177 779 1259 θωρακίου.
824 1172 879 1238 καλ
908 1175 1029 1259 ἵναμὴ
1053 1174 1149 1241 αὐτό-

136 1305 241 1367 ματον
271 1279 508 1366 καταφέρηται,
545 1282 698 1346 σανίδιον
735 1279 888 1365 ἐπίμηκες
924 1280 1067 1366 ἁρμόζον
1103 1291 1150 1369 τῷ
1164 1305 1192 1344 1ο

136 1387 256 1474 μεταξὺ
274 1399 342 1454 τῶν
359 1390 539 1471 θωρακίων
556 1389 646 1474 τόπφ
669 1385 745 1452 καθ’
766 1385 906 1471 ἑκάστην
923 1389 1072 1473 πλευράν
1089 1398 1150 1454 τοῦ

135 1499 310 1581 θωρακίου
339 1498 480 1576 γίνεται,
513 1495 595 1559 ὥστε
628 1493 835 1579 έπιπωμάσαι
867 1495 904 1558 τὸ
936 1493 1064 1578 πλέγμα
1095 1493 1151 1560 καὶ

84 1619 122 1659 259
137 1612 273 1688 συσχείν
300 1602 347 1678 εἰς
374 1601 410 1665 τὸ
439 1602 508 1665 άνω
535 1598 642 1685 μέρος.
689 1601 745 1665 ἵνα
774 1597 812 1665 δὲ
841 1602 885 1686 μη
915 1600 1083 1684 αὐτόματα
1111 1603 1151 1666 τά

137 1710 273 1775 σανίδια
302 1707 485 1793 άποπίπτη,
516 1706 552 1771 ἐκ
582 1715 639 1790 τῆς
670 1717 747 1791 μιᾶς
776 1713 922 1793 πλευρᾶς
950 1717 1008 1791 τῆς
1038 1709 1085 1784 είς
1113 1709 1151 1773 τὸ

137 1816 230 1894 ἐντὸς
252 1825 312 1883 τοῦ
334 1817 508 1900 θωρακίου
534 1811 633 1898 μέρος
661 1815 896 1900 στροφωμάτια
923 1815 1044 1880 εὔλυτα
1072 1819 1152 1899 λαμ-
1166 1835 1193 1876 15

137 1923 247 2006 βάνει,
277 1923 333 1986 ἵνα
363 1921 443 1986 ὅταν
466 1919 700 2006 έπιπωμασθη,
733 1919 769 1984 έκ
800 1929 860 1986 τοῦ
888 1918 1002 2006 ἑτέρου
1030 1919 1152 2006 μέρους

100 2033 119 2088 4
138 2027 339 2115 έπιστρεπτςῖ
363 2029 479 2111 κόρακι
502 2015 686 2110 κατέχηται,
705 2027 788 2091 ὥστε
806 2028 850 2112 μη
870 2026 1075 2110 ἀνοίγεσθαι.
1117 2027 1152 2092 έκ

139 2130 175 2198 δέ
202 2141 263 2199 τοῦ
292 2131 406 2220 ἑτέρου
436 2130 557 2218 μέρους
586 2142 646 2198 τοῦ
677 2135 825 2218 κόρακος
847 2133 973 2217 ἀγκύλη
1004 2135 1152 2219 σπάρτου

137 2244 358 2326 περιτίθεται,
385 2241 457 2324 ἥτις
483 2243 640 2323 ταθείσης
667 2249 725 2323 της
753 2242 903 2326 σπάρτου
930 2238 985 2305 καὶ
1012 2249 1072 2305 τοῦ
1097 2243 1152 2305 κό-

140 2371 239 2433 ρακος
262 2345 520 2433 ἐπιστραφέντος
543 2345 728 2413 ἀποπίπτει.
773 2346 828 2412 καὶ
850 2347 953 2424 οὕτως
971 2348 1008 2412 τὸ
1026 2345 1154 2432 πλέγμα
1169 2368 1195 2408 εο

140 2457 302 2520 καθίεται.
347 2452 412 2532 ἕξει
435 2449 472 2518 δὲ
494 2454 532 2518 τὸ
554 2452 682 2538 πλέγμα
703 2455 751 2530 εἰς
768 2456 808 2520 τά
825 2456 912 2520 κάτω
931 2454 1012 2540 μέρη
1032 2441 1154 2540 βαρύλ-

139 2565 194 2626 λια
221 2563 342 2644 μολιβᾶ
371 2559 566 2644 ἐκδεδεμένα
590 2561 673 2646 πρὸς
696 2562 733 2626 τὸ
757 2559 878 2645 ταχέως
900 2560 1154 2647 καταφέρεσθαι.

49 2666 126 2733 XV]
212 2667 257 2731 Τὸ
285 2667 403 2731 λοιπὸν
431 2662 468 2730 δέ
496 2666 537 2748 δὴ
564 2671 792 2732 καταλείπεται
814 2667 1000 2751 ὑποδεῖξαι,
1026 2676 1096 2744 πως
1120 2670 1154 2734 αἱ

141 2773 266 2859 Βάκχαι
289 2773 467 2857 χορεύουσι
489 2774 572 2838 κατὰ
595 2776 654 2838 τὸν
677 2772 800 2839 δέοντα·
818 2777 943 2860 καιρόν.

208 2882 342 2945 Γίνεται
365 2873 428 2972 οὖν
449 2878 505 2946 καὶ
528 2889 626 2946 τοῦτο
651 2880 768 2957 οὕτως·
796 2880 813 2946 ὁ
838 2884 973 2958 ναΐσκος
995 2881 1013 2947 ὁ
1038 2897 1154 2968 στρογ-
1168 2900 1194 2941 2⁵

140 2988 256 3072 γύλος,
293 2985 330 3051 ἐν
366 2977 393 3074 ᾦ
432 2985 522 3054 ἐστιν
558 2987 577 3052 ὁ
606 2990 790 3071 Διόνυσος,
823 2990 1029 3072 στυλοβάτην
1057 2987 1153 3073 ἐχέτω

142 3094 349 3180 στρογγύλον
389 3091 444 3158 καὶ
486 3099 577 3160 λελον
617 3096 699 3159 κατά
739 3096 778 3160 τὸ
818 3095 911 3174 ὕψος.
971 3098 1053 3160 ἔστω
1093 3090 1155 3160 οὖν

141 3197 238 3277 οὗτος
265 3199 282 3266 δ
312 3203 463 3265 ΑΒΓΔ·
490 3197 565 3304 περὶ
595 3196 632 3265 δὲ
659 3209 780 3266 τοῦτον
807 3205 1006 3286 περικείσθω
1036 3209 1107 3279 ίτυς
1134 3201 1154 3286 ἡ

213 3392 402 3482 1Ηδ<καλ
418 3392 530 3466 τοῦτο>
564 3391 627 3462 cfp
631 3397 707 3462 382,
718 3399 760 3447 32.
776 3399 836 3462 388,
849 3398 890 3447 18.
907 3398 968 3460 396,
980 3399 1013 3446 10
1085 3400 1154 3448 1-3

141 3465 341 3533 θωράκιον.
356 3461 482 3531 ,ἕτερον
507 3481 559 3518 om
580 3411 627 3530 GP
642 3463 705 3518 add.
725 3463 787 3518 Gm
904 3469 919 3518 ὃ
943 3463 961 3518 f.
982 3464 1154 3533 τετράγωνον

178 3541 247 3588 6-7
266 3535 284 3588 f.
301 3505 459 3606 εὐαρμόατφ
542 3530 590 3587 λέ
577 3483 814 3634 έκκράπτεταιΜἸὲ
882 3541 898 3590 9
921 3535 984 3606 ἕχον
1003 3535 1155 3590 F1.Haase
