2574 3918
417 931 589 1012 LIBER
614 929 887 1012 PHILONIS

231 1091 309 1173 DE
339 1089 598 1173 INGENIIS
631 1089 1073 1173 SPIRITUALIBUS.

22 1297 135 1338 2993010
190 1282 258 1348 sIn
294 1284 444 1348 nomine
476 1285 536 1348 dei
567 1283 622 1370 pii
654 1287 690 1347 et
722 1284 986 1349 misericordis
1019 1284 1165 1369 incipit

148 1390 247 1456 liber
269 1390 446 1455 Philonis
470 1392 513 1455 de
535 1390 704 1477 ingeniis
728 1391 1012 1475 spiritualibus,

644 1567 667 1632 I.
1195 1593 1209 1632 5

214 1692 337 1758 Dixit:
378 1691 460 1770 Quia
487 1697 593 1776 tuum,
620 1693 721 1757 amice
744 1692 789 1756 mi
816 1690 965 1776 Ariston,
992 1693 1057 1756 iam
1084 1693 1162 1758 novi

149 1799 342 1864 desiderium
361 1800 401 1863 ad
420 1799 583 1864 sciendum
606 1799 736 1885 ingenia
759 1799 899 1883 subtilia,
922 1799 1082 1886 voluntati
1105 1802 1162 1864 tue

150 1906 309 1971 obnoxius
338 1905 588 1991 interrogacioni
620 1905 812 1989 responde0,
843 1906 997 1988 peticioni
1029 1906 1067 1969 de
1099 1905 1162 1971 hcc

149 2012 232 2077 libro
248 2013 467 2097 componendo
487 2012 590 2076 libens
610 2013 787 2096 acquiesce,
801 2016 983 2095 presentem
1002 2013 1161 2098 siquidem

150 2120 319 2206 diligencie
342 2123 396 2184 tue
420 2119 555 2184 instituo
579 2122 767 2204 tractatum,
795 2122 831 2183 ut
855 2119 894 2183 de
921 2119 1070 2183 omnibus
1099 2143 1160 2204 que
1177 2145 1206 2184 10

149 2226 334 2291 huiusmodi
353 2225 507 2310 quesieris
527 2225 664 2310 ingeniis
684 2225 745 2289 tibi
768 2246 833 2288 non
856 2225 1095 2290 incommodum
1118 2227 1162 2292 sit

151 2333 340 2416 exemplum.

216 2439 265 2502 De
292 2439 356 2503 hiis
384 2439 491 2522 itaque
519 2442 656 2503 tractare
684 2439 841 2523 incipiens
871 2438 1020 2523 inprimis
1053 2462 1160 2505 assero

151 2546 237 2629 quod
250 2545 365 2610 harum
379 2545 514 2610 sciencie
527 2567 634 2609 rerum
648 2543 1010 2634 nonnullisjsapientum
1028 2550 1162 2610 naturae

152 2657 227 2716 sunt
250 2652 421 2737 incognite.
445 2652 529 2716 unde
557 2655 588 2716 et
611 2652 798 2737 philosophi
821 2653 877 2738 qui
905 2653 939 2716 in
966 2653 1062 2717 rebus
1090 2675 1203 2737 con-1⁵

99 2778 138 2818 acc
152 2759 372 2822 sideravernnt
394 2759 595 2823 naturalibus
618 2757 840 2848 plulrimorum
864 2781 994 2824 erronee
1018 2759 1162 2844 opinioni

151 2888 216 2931 non
253 2866 488 2930 consentientes
525 2867 675 2932 dixerunt
710 2890 767 2931 vas
802 2890 938 2932 vacuum
968 2855 1044 2932 ¹non
1086 2888 1162 2951 esse,

152 2973 421 3058 quemadmodum
453 2973 516 3057 ipsi
548 2974 696 3038 arbitrati
729 2978 818 3059 sunt,
850 2975 906 3038 sed
934 2973 986 3038 vel
1013 2979 1085 3039 abre
1112 2972 1163 3038 vel

152 3081 261 3165 aliquo
281 3080 419 3145 eliorum
438 3102 609 3165 corporum
628 3081 767 3165 plenum.
788 3103 847 3167 ego
865 3103 941 3145 vero
965 3081 999 3145 in
1022 3080 1162 3164 presenti

152 3188 283 3274 negotio
310 3188 462 3253 brevitati
490 3188 621 3272 cupiens
651 3187 809 3252 deservire
838 3210 897 3252 nec
927 3209 1037 3252 eorum
1067 3187 1203 3251 verbam

223 3423 238 3470 3
257 3417 344 3471 Hauc
367 3417 494 3471 Philonis
521 3417 620 3470 librum
644 3416 753 3484 patmus
776 3417 862 3470 edidit
885 3417 916 3470 V.
931 3417 1002 3472 Rosa
1024 3409 1178 3471 Aaccdotu¹

154 3487 261 3542 Graeca
278 3494 303 3542 et
323 3488 474 3542 Graeculat.
489 3487 523 3555 Π,
538 3492 677 3541 aee-313
765 3491 780 3539 6
798 3486 838 3540 mi
856 3486 971 3542 Ariston
989 3488 1073 3542 Rosa:
1091 3487 1164 3539 Mar·

152 3559 244 3612 actem
261 3560 303 3613 cel
320 3557 359 3612 mi
378 3560 508 3627 argutom
526 3559 601 3613 codd.
683 3563 717 3611 14
736 3557 877 3612 nonnuliis
896 3559 981 3614 Rosa:
998 3557 1070 3612 nulli
1088 3558 1163 3613 codd.
