<?xml version="1.0" encoding="UTF-8"?>
<!DOCTYPE html PUBLIC "-//W3C//DTD XHTML 1.0 Transitional//EN"
    "http://www.w3.org/TR/xhtml1/DTD/xhtml1-transitional.dtd">
<html xmlns="http://www.w3.org/1999/xhtml" xml:lang="en" lang="en">
 <head>
  <title>
</title>
<meta http-equiv="Content-Type" content="text/html;charset=utf-8" />
  <meta name='ocr-system' content='tesseract 3.04.00' />
  <meta name='ocr-capabilities' content='ocr_page ocr_carea ocr_par ocr_line ocrx_word'/>
</head>
<body>
  <div class='ocr_page' id='page_1' title='image "./heronisalexandr01schogoog_0523.png"; bbox 0 0 2574 3918; ppageno 0'>
   <div class='ocr_carea' id='block_1_1' title="bbox 169 143 1193 207">
    <p class='ocr_par' dir='ltr' id='par_1_1' title="bbox 169 143 1193 207">
     <span class='ocr_line' id='line_1_1' title="bbox 169 143 1193 207; baseline 0.003 -9"><span class='ocrx_word' id='word_1_1' title='bbox 169 143 235 207; x_wconf 81' lang='lat'><strong><em>448</em></strong></span> <span class='ocrx_word' id='word_1_2' title='bbox 271 145 421 200; x_wconf 75' lang='grc' dir='ltr'><strong>ΗΡΩΝΟΣ</strong></span> <span class='ocrx_word' id='word_1_3' title='bbox 439 143 642 203; x_wconf 75' lang='grc' dir='ltr'><strong>ΔΛΕΞΑΝΔΡ.</strong></span> <span class='ocrx_word' id='word_1_4' title='bbox 659 147 746 199; x_wconf 84' lang='grc' dir='ltr'><strong>ΠΕΡΙ</strong></span> <span class='ocrx_word' id='word_1_5' title='bbox 764 147 1193 202; x_wconf 79' lang='grc' dir='ltr'><strong>ΑΤΤΟΜΔΤΟΠΟΙΗΤΙΚΗΣ.</strong></span> 
     </span>
    </p>
   </div>
   <div class='ocr_carea' id='block_1_2' title="bbox 64 303 1193 398">
    <p class='ocr_par' dir='ltr' id='par_1_2' title="bbox 64 303 1193 398">
     <span class='ocr_line' id='line_1_2' title="bbox 64 303 1193 398; baseline 0.004 -28"><span class='ocrx_word' id='word_1_6' title='bbox 64 303 156 370; x_wconf 89' lang='lat' dir='ltr'><strong><em>XXX</em></strong></span> <span class='ocrx_word' id='word_1_7' title='bbox 237 307 367 372; x_wconf 81' lang='grc' dir='ltr'><strong><em>Λοιπὸν</em></strong></span> <span class='ocrx_word' id='word_1_8' title='bbox 398 307 439 372; x_wconf 86' lang='grc' dir='ltr'><strong><em>δέ</em></strong></span> <span class='ocrx_word' id='word_1_9' title='bbox 468 307 559 374; x_wconf 81' lang='grc' dir='ltr'><strong><em>ἐστιν</em></strong></span> <span class='ocrx_word' id='word_1_10' title='bbox 590 307 670 391; x_wconf 80' lang='grc' dir='ltr'><strong><em>ἡμῖν</em></strong></span> <span class='ocrx_word' id='word_1_11' title='bbox 703 309 940 392; x_wconf 80' lang='grc' dir='ltr'><strong><em>διηγήσασθαι,</em></strong></span> <span class='ocrx_word' id='word_1_12' title='bbox 972 312 1039 373; x_wconf 86' lang='grc' dir='ltr'><strong><em>τίνι</em></strong></span> <span class='ocrx_word' id='word_1_13' title='bbox 1071 312 1193 398; x_wconf 77' lang='grc' dir='ltr'><strong><em>τρόπῳ</em></strong></span> 
     </span>
    </p>
   </div>
   <div class='ocr_carea' id='block_1_3' title="bbox 48 412 1264 2313">
    <p class='ocr_par' dir='ltr' id='par_1_3' title="bbox 48 412 1264 2313">
     <span class='ocr_line' id='line_1_3' title="bbox 171 412 1193 501; baseline 0.002 -22"><span class='ocrx_word' id='word_1_14' title='bbox 171 414 189 479; x_wconf 81' lang='grc' dir='ltr'><strong><em>ὃ</em></strong></span> <span class='ocrx_word' id='word_1_15' title='bbox 212 438 247 480; x_wconf 85' lang='grc' dir='ltr'><strong><em>τε</em></strong></span> <span class='ocrx_word' id='word_1_16' title='bbox 269 416 429 500; x_wconf 85' lang='grc' dir='ltr'><strong><em>κεραυνὸς</em></strong></span> <span class='ocrx_word' id='word_1_17' title='bbox 453 414 489 479; x_wconf 89' lang='grc' dir='ltr'><strong><em>έν</em></strong></span> <span class='ocrx_word' id='word_1_18' title='bbox 511 422 558 501; x_wconf 75' lang='grc' dir='ltr'><strong><em>τῷ</em></strong></span> <span class='ocrx_word' id='word_1_19' title='bbox 578 417 692 480; x_wconf 88' lang='grc' dir='ltr'><strong><em>πίνακι</em></strong></span> <span class='ocrx_word' id='word_1_20' title='bbox 710 426 855 481; x_wconf 80' lang='grc' dir='ltr'><em>πεσεῖται</em></span> <span class='ocrx_word' id='word_1_21' title='bbox 873 412 928 480; x_wconf 79' lang='grc' dir='ltr'><strong><em>καὶ</em></strong></span> <span class='ocrx_word' id='word_1_22' title='bbox 946 417 984 480; x_wconf 86' lang='grc' dir='ltr'><strong><em>τὸ</em></strong></span> <span class='ocrx_word' id='word_1_23' title='bbox 1003 424 1063 481; x_wconf 84' lang='grc' dir='ltr'><strong><em>τοῦ</em></strong></span> <span class='ocrx_word' id='word_1_24' title='bbox 1083 422 1193 482; x_wconf 83' lang='grc' dir='ltr'><strong><em>Αίαν-</em></strong></span> 
     </span>
     <span class='ocr_line' id='line_1_4' title="bbox 170 516 1191 608; baseline 0.002 -22"><span class='ocrx_word' id='word_1_25' title='bbox 170 544 226 598; x_wconf 86' lang='grc' dir='ltr'><strong><em>τος</em></strong></span> <span class='ocrx_word' id='word_1_26' title='bbox 258 519 378 608; x_wconf 77' lang='grc' dir='ltr'><strong><em>ζῴδιον</em></strong></span> <span class='ocrx_word' id='word_1_27' title='bbox 409 520 683 605; x_wconf 73' lang='grc' dir='ltr'><strong><em>ἀφανισθήσεται.</em></strong></span> <span class='ocrx_word' id='word_1_28' title='bbox 729 525 855 605; x_wconf 82' lang='grc' dir='ltr'><strong><em>γίνεται</em></strong></span> <span class='ocrx_word' id='word_1_29' title='bbox 888 516 951 587; x_wconf 84' lang='grc' dir='ltr'><strong><em>οὖν</em></strong></span> <span class='ocrx_word' id='word_1_30' title='bbox 981 520 1037 587; x_wconf 80' lang='grc' dir='ltr'><strong><em>καλ</em></strong></span> <span class='ocrx_word' id='word_1_31' title='bbox 1068 532 1191 608; x_wconf 80' lang='grc' dir='ltr'><strong><em>ταῦτα,</em></strong></span> 
     </span>
     <span class='ocr_line' id='line_1_5' title="bbox 170 627 1191 715; baseline 0.003 -22"><span class='ocrx_word' id='word_1_32' title='bbox 170 629 320 714; x_wconf 85' lang='grc' dir='ltr'><strong><em>καθάπερ</em></strong></span> <span class='ocrx_word' id='word_1_33' title='bbox 353 627 516 713; x_wconf 89' lang='grc' dir='ltr'><strong><em>με’λλομεν</em></strong></span> <span class='ocrx_word' id='word_1_34' title='bbox 547 627 736 712; x_wconf 76' lang='grc' dir='ltr'><strong><em>ἐξηγεῖσθαι</em></strong></span> <span class='ocrx_word' id='word_1_35' title='bbox 768 630 849 693; x_wconf 86' lang='grc' dir='ltr'><strong><em>κατὰ</em></strong></span> <span class='ocrx_word' id='word_1_36' title='bbox 876 627 983 715; x_wconf 81' lang='grc' dir='ltr'><strong><em>μέρος.</em></strong></span> <span class='ocrx_word' id='word_1_37' title='bbox 1034 629 1120 696; x_wconf 85' lang='grc' dir='ltr'><strong><em>ὅπου</em></strong></span> <span class='ocrx_word' id='word_1_38' title='bbox 1147 633 1191 696; x_wconf 86' lang='grc' dir='ltr'><strong><em>τὸ</em></strong></span> 
     </span>
     <span class='ocr_line' id='line_1_6' title="bbox 170 733 1230 824; baseline -0.004 -25"><span class='ocrx_word' id='word_1_39' title='bbox 170 735 293 819; x_wconf 80' lang='grc' dir='ltr'><strong><em>ἔδαφος</em></strong></span> <span class='ocrx_word' id='word_1_40' title='bbox 316 743 376 799; x_wconf 88' lang='grc' dir='ltr'><strong><em>τοῦ</em></strong></span> <span class='ocrx_word' id='word_1_41' title='bbox 394 738 543 818; x_wconf 80' lang='grc' dir='ltr'><strong><em>πίνακος,</em></strong></span> <span class='ocrx_word' id='word_1_42' title='bbox 565 737 655 800; x_wconf 83' lang='grc' dir='ltr'><strong><em>ἔσται</em></strong></span> <span class='ocrx_word' id='word_1_43' title='bbox 674 733 903 820; x_wconf 80' lang='grc' dir='ltr'><strong><em>γεγραμμένον</em></strong></span> <span class='ocrx_word' id='word_1_44' title='bbox 921 736 958 799; x_wconf 88' lang='grc' dir='ltr'><strong><em>τὸ</em></strong></span> <span class='ocrx_word' id='word_1_45' title='bbox 978 785 1030 801; x_wconf 92' lang='grc'><strong><em>...</em></strong></span> <span class='ocrx_word' id='word_1_46' title='bbox 1050 735 1189 824; x_wconf 75' lang='grc' dir='ltr'><strong><em>ζῴδιον·</em></strong></span> <span class='ocrx_word' id='word_1_47' title='bbox 1218 757 1230 795; x_wconf 83' lang='lat'>5</span> 
     </span>
     <span class='ocr_line' id='line_1_7' title="bbox 169 837 1190 929; baseline 0.004 -24"><span class='ocrx_word' id='word_1_48' title='bbox 169 839 238 906; x_wconf 85' lang='grc' dir='ltr'><strong><em>κατ’</em></strong></span> <span class='ocrx_word' id='word_1_49' title='bbox 271 840 373 906; x_wconf 85' lang='grc' dir='ltr'><strong><em>αὐτὸν</em></strong></span> <span class='ocrx_word' id='word_1_50' title='bbox 405 837 442 906; x_wconf 68' lang='grc' dir='ltr'><strong><em>δὲ</em></strong></span> <span class='ocrx_word' id='word_1_51' title='bbox 474 843 555 907; x_wconf 81' lang='grc' dir='ltr'><strong><em>ἔστω</em></strong></span> <span class='ocrx_word' id='word_1_52' title='bbox 588 840 708 925; x_wconf 78' lang='grc' dir='ltr'><strong><em>ἕκκοπη</em></strong></span> <span class='ocrx_word' id='word_1_53' title='bbox 741 841 778 906; x_wconf 92' lang='grc' dir='ltr'><strong><em>έν</em></strong></span> <span class='ocrx_word' id='word_1_54' title='bbox 804 851 843 927; x_wconf 71' lang='grc' dir='ltr'><strong><em>τῇ</em></strong></span> <span class='ocrx_word' id='word_1_55' title='bbox 871 843 940 906; x_wconf 86' lang='grc' dir='ltr'><strong><em>άνω</em></strong></span> <span class='ocrx_word' id='word_1_56' title='bbox 967 847 1096 929; x_wconf 81' lang='grc' dir='ltr'><strong><em>πλευρᾷ</em></strong></span> <span class='ocrx_word' id='word_1_57' title='bbox 1123 853 1190 909; x_wconf 87' lang='grc' dir='ltr'><strong><em>τοῦ</em></strong></span> 
     </span>
     <span class='ocr_line' id='line_1_8' title="bbox 169 944 1189 1034; baseline 0.003 -23"><span class='ocrx_word' id='word_1_58' title='bbox 169 950 332 1012; x_wconf 86' lang='grc' dir='ltr'><strong><em>πλινθίου</em></strong></span> <span class='ocrx_word' id='word_1_59' title='bbox 354 944 557 1030; x_wconf 82' lang='grc' dir='ltr'><strong><em>πεποιημένη</em></strong></span> <span class='ocrx_word' id='word_1_60' title='bbox 579 945 634 1010; x_wconf 82' lang='grc' dir='ltr'><strong><em>καὶ</em></strong></span> <span class='ocrx_word' id='word_1_61' title='bbox 656 945 693 1010; x_wconf 83' lang='grc' dir='ltr'><strong><em>ἐν</em></strong></span> <span class='ocrx_word' id='word_1_62' title='bbox 711 955 749 1032; x_wconf 71' lang='grc' dir='ltr'><strong><em>τῇ</em></strong></span> <span class='ocrx_word' id='word_1_63' title='bbox 768 948 865 1030; x_wconf 82' lang='grc' dir='ltr'><strong><em>κάτω,</em></strong></span> <span class='ocrx_word' id='word_1_64' title='bbox 883 949 1034 1034; x_wconf 86' lang='grc' dir='ltr'><strong><em>καθάπερ</em></strong></span> <span class='ocrx_word' id='word_1_65' title='bbox 1054 946 1109 1013; x_wconf 83' lang='grc' dir='ltr'><strong><em>καλ</em></strong></span> <span class='ocrx_word' id='word_1_66' title='bbox 1129 949 1189 1014; x_wconf 81' lang='grc' dir='ltr'><strong><em>ἐπὶ</em></strong></span> 
     </span>
     <span class='ocr_line' id='line_1_9' title="bbox 135 1049 1188 1139; baseline 0.002 -21"><span class='ocrx_word' id='word_1_67' title='bbox 135 1058 237 1118; x_wconf 71' lang='grc' dir='ltr'><strong><em>Ξτῶν</em></strong></span> <span class='ocrx_word' id='word_1_68' title='bbox 260 1053 428 1137; x_wconf 77' lang='grc' dir='ltr'><strong><em>δελφίνων</em></strong></span> <span class='ocrx_word' id='word_1_69' title='bbox 451 1052 668 1138; x_wconf 79' lang='grc' dir='ltr'><strong><em>ἐδηλώσαμεν.</em></strong></span> <span class='ocrx_word' id='word_1_70' title='bbox 709 1057 955 1119; x_wconf 86' lang='grc' dir='ltr'><strong><em>κατατείνονται</em></strong></span> <span class='ocrx_word' id='word_1_71' title='bbox 980 1049 1043 1119; x_wconf 86' lang='grc' dir='ltr'><strong><em>οὖν</em></strong></span> <span class='ocrx_word' id='word_1_72' title='bbox 1065 1053 1101 1119; x_wconf 81' lang='grc' dir='ltr'><strong><em>ἐκ</em></strong></span> <span class='ocrx_word' id='word_1_73' title='bbox 1124 1063 1188 1139; x_wconf 82' lang='grc' dir='ltr'><strong><em>τῆς</em></strong></span> 
     </span>
     <span class='ocr_line' id='line_1_10' title="bbox 170 1159 1188 1246; baseline 0.004 -23"><span class='ocrx_word' id='word_1_74' title='bbox 170 1161 303 1225; x_wconf 81' lang='grc' dir='ltr'><strong><em>άνωθεν</em></strong></span> <span class='ocrx_word' id='word_1_75' title='bbox 330 1165 474 1246; x_wconf 87' lang='grc' dir='ltr'><strong><em>πλευρᾶς</em></strong></span> <span class='ocrx_word' id='word_1_76' title='bbox 500 1169 558 1243; x_wconf 82' lang='grc' dir='ltr'><strong><em>τῆς</em></strong></span> <span class='ocrx_word' id='word_1_77' title='bbox 586 1159 725 1243; x_wconf 80' lang='grc' dir='ltr'><strong><em>έκκοπης</em></strong></span> <span class='ocrx_word' id='word_1_78' title='bbox 751 1159 868 1246; x_wconf 76' lang='grc' dir='ltr'><strong><em>χορδαὶ</em></strong></span> <span class='ocrx_word' id='word_1_79' title='bbox 896 1162 958 1228; x_wconf 87' lang='grc' dir='ltr'><strong><em>δύο</em></strong></span> <span class='ocrx_word' id='word_1_80' title='bbox 988 1163 1188 1228; x_wconf 86' lang='grc' dir='ltr'><strong><em>λεπτόταται</em></strong></span> 
     </span>
     <span class='ocr_line' id='line_1_11' title="bbox 169 1265 1264 1352; baseline -0.003 -21"><span class='ocrx_word' id='word_1_81' title='bbox 169 1277 237 1331; x_wconf 85' lang='grc' dir='ltr'><strong><em>τῶν</em></strong></span> <span class='ocrx_word' id='word_1_82' title='bbox 260 1268 386 1343; x_wconf 80' lang='grc' dir='ltr'><strong><em>εἰςτὰς</em></strong></span> <span class='ocrx_word' id='word_1_83' title='bbox 409 1266 578 1352; x_wconf 79' lang='grc' dir='ltr'><strong><em>σαμβύκας</em></strong></span> <span class='ocrx_word' id='word_1_84' title='bbox 602 1265 855 1352; x_wconf 78' lang='grc' dir='ltr'><strong><em>ἐμβαλλομένων</em></strong></span> <span class='ocrx_word' id='word_1_85' title='bbox 879 1266 940 1344; x_wconf 79' lang='grc' dir='ltr'><strong><em>ἕως</em></strong></span> <span class='ocrx_word' id='word_1_86' title='bbox 962 1269 1049 1333; x_wconf 87' lang='grc' dir='ltr'><strong><em>κάτω</em></strong></span> <span class='ocrx_word' id='word_1_87' title='bbox 1073 1270 1120 1345; x_wconf 85' lang='grc' dir='ltr'><strong><em>είς</em></strong></span> <span class='ocrx_word' id='word_1_88' title='bbox 1143 1270 1185 1334; x_wconf 87' lang='grc' dir='ltr'><strong><em>τὸ</em></strong></span> <span class='ocrx_word' id='word_1_89' title='bbox 1203 1290 1229 1329; x_wconf 85' lang='grc' dir='ltr'><strong><em>ιο</em></strong></span> <span class='ocrx_word' id='word_1_90' title='bbox 1260 1286 1264 1294; x_wconf 75' lang='grc'><strong>’</strong></span> 
     </span>
     <span class='ocr_line' id='line_1_12' title="bbox 168 1369 1184 1462; baseline 0.002 -24"><span class='ocrx_word' id='word_1_91' title='bbox 168 1375 341 1459; x_wconf 90' lang='grc' dir='ltr'><strong><em>θωράκιον</em></strong></span> <span class='ocrx_word' id='word_1_92' title='bbox 369 1375 425 1438; x_wconf 83' lang='grc' dir='ltr'><strong><em>διὰ</em></strong></span> <span class='ocrx_word' id='word_1_93' title='bbox 447 1383 504 1457; x_wconf 79' lang='grc' dir='ltr'><strong><em>της</em></strong></span> <span class='ocrx_word' id='word_1_94' title='bbox 527 1375 595 1438; x_wconf 84' lang='grc' dir='ltr'><strong><em>άνω</em></strong></span> <span class='ocrx_word' id='word_1_95' title='bbox 619 1374 720 1455; x_wconf 80' lang='grc' dir='ltr'><strong><em>οὔσης</em></strong></span> <span class='ocrx_word' id='word_1_96' title='bbox 743 1373 890 1456; x_wconf 77' lang='grc' dir='ltr'><strong><em>ἐκκοπης.</em></strong></span> <span class='ocrx_word' id='word_1_97' title='bbox 936 1374 992 1438; x_wconf 81' lang='grc' dir='ltr'><strong><em>ἴνα</em></strong></span> <span class='ocrx_word' id='word_1_98' title='bbox 1016 1369 1053 1438; x_wconf 73' lang='grc' dir='ltr'><strong><em>δέ</em></strong></span> <span class='ocrx_word' id='word_1_99' title='bbox 1075 1373 1112 1438; x_wconf 84' lang='grc' dir='ltr'><strong><em>ἐν</em></strong></span> <span class='ocrx_word' id='word_1_100' title='bbox 1136 1384 1184 1462; x_wconf 75' lang='grc' dir='ltr'><strong><em>τῷ</em></strong></span> 
     </span>
     <span class='ocr_line' id='line_1_13' title="bbox 170 1477 1185 1568; baseline 0.002 -23"><span class='ocrx_word' id='word_1_101' title='bbox 170 1484 293 1568; x_wconf 80' lang='grc' dir='ltr'><strong><em>ναΐσκιμ</em></strong></span> <span class='ocrx_word' id='word_1_102' title='bbox 316 1477 377 1545; x_wconf 83' lang='grc' dir='ltr'><strong><em>ὦσι</em></strong></span> <span class='ocrx_word' id='word_1_103' title='bbox 401 1479 582 1565; x_wconf 81' lang='grc' dir='ltr'><strong><em>τεταμέναι,</em></strong></span> <span class='ocrx_word' id='word_1_104' title='bbox 605 1481 832 1545; x_wconf 78' lang='grc' dir='ltr'><strong><em>καθάπτονται</em></strong></span> <span class='ocrx_word' id='word_1_105' title='bbox 851 1481 899 1555; x_wconf 82' lang='grc' dir='ltr'><strong><em>είς</em></strong></span> <span class='ocrx_word' id='word_1_106' title='bbox 916 1480 1100 1564; x_wconf 76' lang='grc' dir='ltr'><strong><em>κολλάβους</em></strong></span> <span class='ocrx_word' id='word_1_107' title='bbox 1118 1482 1185 1548; x_wconf 85' lang='grc' dir='ltr'><strong><em>δύο</em></strong></span> 
     </span>
     <span class='ocr_line' id='line_1_14' title="bbox 170 1584 1184 1672; baseline 0.001 -21"><span class='ocrx_word' id='word_1_108' title='bbox 170 1586 205 1651; x_wconf 86' lang='grc' dir='ltr'><strong><em>έκ</em></strong></span> <span class='ocrx_word' id='word_1_109' title='bbox 228 1597 288 1652; x_wconf 85' lang='grc' dir='ltr'><strong><em>τοῦ</em></strong></span> <span class='ocrx_word' id='word_1_110' title='bbox 311 1589 445 1652; x_wconf 81' lang='grc' dir='ltr'><strong><em>ἄνωθεν</em></strong></span> <span class='ocrx_word' id='word_1_111' title='bbox 467 1585 602 1672; x_wconf 80' lang='grc' dir='ltr'><strong><em>μέρους,</em></strong></span> <span class='ocrx_word' id='word_1_112' title='bbox 626 1587 682 1650; x_wconf 77' lang='grc' dir='ltr'><strong><em>ἵνα</em></strong></span> <span class='ocrx_word' id='word_1_113' title='bbox 705 1584 994 1671; x_wconf 85' lang='grc' dir='ltr'><strong><em>έπιστρεφομένων</em></strong></span> <span class='ocrx_word' id='word_1_114' title='bbox 1015 1598 1083 1651; x_wconf 84' lang='grc' dir='ltr'><strong><em>τῶν</em></strong></span> <span class='ocrx_word' id='word_1_115' title='bbox 1105 1591 1184 1652; x_wconf 94' lang='grc' dir='ltr'><strong><em>κολ-</em></strong></span> 
     </span>
     <span class='ocr_line' id='line_1_15' title="bbox 48 1689 1184 1778; baseline 0 -20"><span class='ocrx_word' id='word_1_116' title='bbox 48 1731 49 1734; x_wconf 33' lang='lat'>¹</span> <span class='ocrx_word' id='word_1_117' title='bbox 134 1695 282 1777; x_wconf 73' lang='grc' dir='ltr'><strong><em>Βλάβων</em></strong></span> <span class='ocrx_word' id='word_1_118' title='bbox 303 1695 365 1778; x_wconf 81' lang='grc' dir='ltr'><strong><em>την</em></strong></span> <span class='ocrx_word' id='word_1_119' title='bbox 387 1695 483 1758; x_wconf 88' lang='grc' dir='ltr'><strong><em>τάσιν</em></strong></span> <span class='ocrx_word' id='word_1_120' title='bbox 506 1696 634 1778; x_wconf 76' lang='grc' dir='ltr'><strong><em>ἔχωσιν.</em></strong></span> <span class='ocrx_word' id='word_1_121' title='bbox 676 1689 815 1778; x_wconf 71' lang='grc' dir='ltr'><strong><em>έγερθὲν</em></strong></span> <span class='ocrx_word' id='word_1_122' title='bbox 833 1689 870 1757; x_wconf 79' lang='grc' dir='ltr'><strong><em>δέ</em></strong></span> <span class='ocrx_word' id='word_1_123' title='bbox 890 1694 1043 1758; x_wconf 82' lang='grc' dir='ltr'><strong><em>σανίδιον</em></strong></span> <span class='ocrx_word' id='word_1_124' title='bbox 1060 1694 1184 1758; x_wconf 87' lang='grc' dir='ltr'><strong><em>λεπτὸν</em></strong></span> 
     </span>
     <span class='ocr_line' id='line_1_16' title="bbox 91 1798 1224 1885; baseline -0.004 -19"><span class='ocrx_word' id='word_1_125' title='bbox 91 1855 94 1866; x_wconf 93' lang='grc'>.</span> <span class='ocrx_word' id='word_1_126' title='bbox 168 1799 223 1864; x_wconf 83' lang='grc' dir='ltr'><strong><em>καὶ</em></strong></span> <span class='ocrx_word' id='word_1_127' title='bbox 245 1799 421 1884; x_wconf 83' lang='grc' dir='ltr'><strong><em>ὑπόμηκες,</em></strong></span> <span class='ocrx_word' id='word_1_128' title='bbox 445 1801 527 1866; x_wconf 81' lang='grc' dir='ltr'><strong><em>ὥστε</em></strong></span> <span class='ocrx_word' id='word_1_129' title='bbox 550 1811 670 1885; x_wconf 78' lang='grc' dir='ltr'><strong><em>χωρεῖν</em></strong></span> <span class='ocrx_word' id='word_1_130' title='bbox 693 1799 773 1864; x_wconf 87' lang='grc' dir='ltr'><strong><em>αὐτὸ</em></strong></span> <span class='ocrx_word' id='word_1_131' title='bbox 798 1800 854 1864; x_wconf 85' lang='grc' dir='ltr'><strong><em>διά</em></strong></span> <span class='ocrx_word' id='word_1_132' title='bbox 874 1810 942 1864; x_wconf 82' lang='grc' dir='ltr'><strong><em>τῶν</em></strong></span> <span class='ocrx_word' id='word_1_133' title='bbox 960 1798 1108 1864; x_wconf 84' lang='grc' dir='ltr'><strong><em>ἐκκοπῶν</em></strong></span> <span class='ocrx_word' id='word_1_134' title='bbox 1126 1799 1183 1864; x_wconf 84' lang='grc' dir='ltr'><strong><em>εὐ-</em></strong></span> <span class='ocrx_word' id='word_1_135' title='bbox 1198 1822 1224 1862; x_wconf 81' lang='lat'><strong><em>1⁵</em></strong></span> 
     </span>
     <span class='ocr_line' id='line_1_17' title="bbox 168 1903 1232 1992; baseline -0.006 -20"><span class='ocrx_word' id='word_1_136' title='bbox 168 1909 276 1983; x_wconf 84' lang='grc' dir='ltr'><strong><em>κόπος</em></strong></span> <span class='ocrx_word' id='word_1_137' title='bbox 308 1904 362 1971; x_wconf 85' lang='grc' dir='ltr'><strong><em>καὶ</em></strong></span> <span class='ocrx_word' id='word_1_138' title='bbox 395 1903 519 1971; x_wconf 77' lang='grc' dir='ltr'><strong><em>σταθέν</em></strong></span> <span class='ocrx_word' id='word_1_139' title='bbox 551 1905 586 1971; x_wconf 89' lang='grc' dir='ltr'><strong><em>έκ</em></strong></span> <span class='ocrx_word' id='word_1_140' title='bbox 616 1914 677 1971; x_wconf 83' lang='grc' dir='ltr'><strong><em>τοῦ</em></strong></span> <span class='ocrx_word' id='word_1_141' title='bbox 708 1905 904 1990; x_wconf 83' lang='grc' dir='ltr'><strong><em>ὑπερθύρου</em></strong></span> <span class='ocrx_word' id='word_1_142' title='bbox 934 1906 977 1989; x_wconf 82' lang='grc' dir='ltr'><strong><em>μη</em></strong></span> <span class='ocrx_word' id='word_1_143' title='bbox 1007 1904 1181 1992; x_wconf 80' lang='grc' dir='ltr'><strong><em>ὑπερέχειν</em></strong></span> <span class='ocrx_word' id='word_1_144' title='bbox 1230 1961 1232 1966; x_wconf 93' lang='grc'>.</span> 
     </span>
     <span class='ocr_line' id='line_1_18' title="bbox 168 2009 1180 2098; baseline 0 -22"><span class='ocrx_word' id='word_1_145' title='bbox 168 2012 249 2078; x_wconf 86' lang='grc' dir='ltr'><strong><em>αὐτὸ</em></strong></span> <span class='ocrx_word' id='word_1_146' title='bbox 272 2014 310 2078; x_wconf 86' lang='grc' dir='ltr'><strong><em>τὸ</em></strong></span> <span class='ocrx_word' id='word_1_147' title='bbox 334 2012 530 2098; x_wconf 78' lang='grc' dir='ltr'><strong><em>ὑπέρθυρον</em></strong></span> <span class='ocrx_word' id='word_1_148' title='bbox 553 2014 600 2088; x_wconf 84' lang='grc' dir='ltr'><strong><em>είς</em></strong></span> <span class='ocrx_word' id='word_1_149' title='bbox 618 2013 678 2077; x_wconf 86' lang='grc' dir='ltr'><strong><em>τὸν</em></strong></span> <span class='ocrx_word' id='word_1_150' title='bbox 695 2014 830 2076; x_wconf 90' lang='grc' dir='ltr'><strong><em>πίνακα·</em></strong></span> <span class='ocrx_word' id='word_1_151' title='bbox 854 2009 1027 2097; x_wconf 74' lang='grc' dir='ltr'><strong><em>τρυπηθλν</em></strong></span> <span class='ocrx_word' id='word_1_152' title='bbox 1044 2009 1082 2076; x_wconf 72' lang='grc' dir='ltr'><strong><em>δὲ</em></strong></span> <span class='ocrx_word' id='word_1_153' title='bbox 1101 2011 1180 2077; x_wconf 86' lang='grc' dir='ltr'><strong><em>δυσὶ</em></strong></span> 
     </span>
     <span class='ocr_line' id='line_1_19' title="bbox 168 2118 1180 2205; baseline -0.001 -21"><span class='ocrx_word' id='word_1_154' title='bbox 168 2122 356 2205; x_wconf 78' lang='grc' dir='ltr'><strong><em>τρυπήμασι</em></strong></span> <span class='ocrx_word' id='word_1_155' title='bbox 383 2122 464 2184; x_wconf 83' lang='grc' dir='ltr'><strong><em>κατὰ</em></strong></span> <span class='ocrx_word' id='word_1_156' title='bbox 492 2129 593 2203; x_wconf 82' lang='grc' dir='ltr'><strong><em>μῆκος</em></strong></span> <span class='ocrx_word' id='word_1_157' title='bbox 619 2119 856 2204; x_wconf 89' lang='grc' dir='ltr'><strong><em>περιλαμβάνει</em></strong></span> <span class='ocrx_word' id='word_1_158' title='bbox 883 2120 941 2195; x_wconf 83' lang='grc' dir='ltr'><strong><em>τὰς</em></strong></span> <span class='ocrx_word' id='word_1_159' title='bbox 967 2119 1089 2204; x_wconf 85' lang='grc' dir='ltr'><strong><em>χορδάς</em></strong></span> <span class='ocrx_word' id='word_1_160' title='bbox 1112 2118 1180 2183; x_wconf 91' lang='grc' dir='ltr'><strong><em>έπι-</em></strong></span> 
     </span>
     <span class='ocr_line' id='line_1_20' title="bbox 169 2221 1178 2313; baseline 0 -23"><span class='ocrx_word' id='word_1_161' title='bbox 169 2228 295 2312; x_wconf 85' lang='grc' dir='ltr'><strong><em>ούροις·</em></strong></span> <span class='ocrx_word' id='word_1_162' title='bbox 318 2230 560 2313; x_wconf 81' lang='grc' dir='ltr'><strong><em>προσκολλᾶται</em></strong></span> <span class='ocrx_word' id='word_1_163' title='bbox 584 2221 621 2290; x_wconf 74' lang='grc' dir='ltr'><strong><em>δέ</em></strong></span> <span class='ocrx_word' id='word_1_164' title='bbox 644 2223 698 2289; x_wconf 82' lang='grc' dir='ltr'><strong><em>καὶ</em></strong></span> <span class='ocrx_word' id='word_1_165' title='bbox 722 2227 863 2290; x_wconf 87' lang='grc' dir='ltr'><strong><em>ὄπισθεν</em></strong></span> <span class='ocrx_word' id='word_1_166' title='bbox 886 2234 946 2289; x_wconf 88' lang='grc' dir='ltr'><strong><em>τοῦ</em></strong></span> <span class='ocrx_word' id='word_1_167' title='bbox 970 2227 1123 2290; x_wconf 91' lang='grc' dir='ltr'><strong><em>σανιδίου</em></strong></span> <span class='ocrx_word' id='word_1_168' title='bbox 1141 2227 1178 2290; x_wconf 87' lang='grc' dir='ltr'><strong><em>τὸ</em></strong></span> 
     </span>
    </p>
   </div>
   <div class='ocr_carea' id='block_1_4' title="bbox 204 2398 1179 2541">
    <p class='ocr_par' dir='ltr' id='par_1_4' title="bbox 204 2398 1179 2541">
     <span class='ocr_line' id='line_1_21' title="bbox 240 2398 1178 2470; baseline 0 -16"><span class='ocrx_word' id='word_1_169' title='bbox 240 2408 254 2454; x_wconf 99' lang='grc'>1</span> <span class='ocrx_word' id='word_1_170' title='bbox 270 2404 356 2470; x_wconf 76' lang='lat' dir='ltr'><strong>eaput</strong></span> <span class='ocrx_word' id='word_1_171' title='bbox 369 2399 499 2456; x_wconf 78' lang='lat' dir='ltr'><strong>distinxi:</strong></span> <span class='ocrx_word' id='word_1_172' title='bbox 513 2417 570 2454; x_wconf 90' lang='lat' dir='ltr'><strong><em>non</em></strong></span> <span class='ocrx_word' id='word_1_173' title='bbox 584 2399 729 2470; x_wconf 68' lang='lat' dir='ltr'><strong>disting.a</strong></span> <span class='ocrx_word' id='word_1_174' title='bbox 782 2399 849 2470; x_wconf 76' lang='grc' dir='ltr'><strong><em>ημῖν</em></strong></span> <span class='ocrx_word' id='word_1_175' title='bbox 858 2399 925 2454; x_wconf 86' lang='lat' dir='ltr'><strong><em>AG:</em></strong></span> <span class='ocrx_word' id='word_1_176' title='bbox 939 2398 1018 2469; x_wconf 76' lang='grc' dir='ltr'><strong><em>ἡμὲν</em></strong></span> <span class='ocrx_word' id='word_1_177' title='bbox 1028 2399 1062 2454; x_wconf 82' lang='lat' dir='ltr'><strong><em>T:</em></strong></span> <span class='ocrx_word' id='word_1_178' title='bbox 1079 2399 1139 2469; x_wconf 82' lang='grc' dir='ltr'><strong><em>έμολ</em></strong></span> <span class='ocrx_word' id='word_1_179' title='bbox 1149 2399 1178 2454; x_wconf 88' lang='grc' dir='ltr'>Μ</span> 
     </span>
     <span class='ocr_line' id='line_1_22' title="bbox 204 2467 1179 2541; baseline -0.001 -16"><span class='ocrx_word' id='word_1_180' title='bbox 204 2471 302 2527; x_wconf 67' lang='grc' dir='ltr'><strong><em>λάκε</em></strong></span> <span class='ocrx_word' id='word_1_181' title='bbox 321 2472 444 2526; x_wconf 84' lang='lat' dir='ltr'>Brinkm.</span> <span class='ocrx_word' id='word_1_182' title='bbox 462 2475 491 2525; x_wconf 77' lang='lat' dir='ltr'><strong><em>et</em></strong></span> <span class='ocrx_word' id='word_1_183' title='bbox 508 2471 594 2527; x_wconf 82' lang='lat' dir='ltr'>Prou:</span> <span class='ocrx_word' id='word_1_184' title='bbox 619 2469 664 2526; x_wconf 85' lang='grc' dir='ltr'><strong><em>δτε</em></strong></span> <span class='ocrx_word' id='word_1_185' title='bbox 683 2486 702 2525; x_wconf 76' lang='lat'><em>8</em></span> <span class='ocrx_word' id='word_1_186' title='bbox 773 2467 1007 2541; x_wconf 67' lang='grc' dir='ltr'><strong><em>λέξηγήσθαιίά</em></strong></span> <span class='ocrx_word' id='word_1_187' title='bbox 1078 2469 1179 2525; x_wconf 72' lang='grc' dir='ltr'><strong><em>δέδα-</em></strong></span> 
     </span>
    </p>
   </div>
   <div class='ocr_carea' id='block_1_5' title="bbox 166 2559 1178 3147">
    <p class='ocr_par' dir='ltr' id='par_1_5' title="bbox 166 2559 1178 3147">
     <span class='ocr_line' id='line_1_23' title="bbox 168 2559 1176 2650; baseline -0.001 -18"><span class='ocrx_word' id='word_1_188' title='bbox 168 2598 222 2647; x_wconf 84' lang='grc' dir='ltr'><strong><em>φος</em></strong></span> <span class='ocrx_word' id='word_1_189' title='bbox 236 2578 271 2632; x_wconf 78' lang='lat' dir='ltr'><strong><em>G:</em></strong></span> <span class='ocrx_word' id='word_1_190' title='bbox 292 2559 328 2648; x_wconf 70' lang='grc' dir='ltr'><strong><em>ἔιβ</em></strong></span> <span class='ocrx_word' id='word_1_191' title='bbox 347 2582 391 2649; x_wconf 89' lang='lat'><strong><em>(=</em></strong></span> <span class='ocrx_word' id='word_1_192' title='bbox 407 2577 485 2648; x_wconf 81' lang='grc' dir='ltr'><strong><em>έφος)</em></strong></span> <span class='ocrx_word' id='word_1_193' title='bbox 499 2578 536 2633; x_wconf 91' lang='lat' dir='ltr'><strong><em>A:</em></strong></span> <span class='ocrx_word' id='word_1_194' title='bbox 557 2575 610 2646; x_wconf 79' lang='grc' dir='ltr'><strong><em>έφο</em></strong></span> <span class='ocrx_word' id='word_1_195' title='bbox 624 2577 646 2630; x_wconf 84' lang='grc' dir='ltr'><strong>Τ</strong></span> <span class='ocrx_word' id='word_1_196' title='bbox 718 2577 737 2632; x_wconf 89' lang='lat' dir='ltr'><strong><em>f.</em></strong></span> <span class='ocrx_word' id='word_1_197' title='bbox 752 2577 784 2632; x_wconf 84' lang='grc' dir='ltr'><strong><em>τὸ</em></strong></span> <span class='ocrx_word' id='word_1_198' title='bbox 802 2577 872 2650; x_wconf 74' lang='grc' dir='ltr'><strong><em>(τοῦ</em></strong></span> <span class='ocrx_word' id='word_1_199' title='bbox 887 2578 1034 2648; x_wconf 73' lang='grc' dir='ltr'><strong><em>Αἴαντος),</em></strong></span> <span class='ocrx_word' id='word_1_200' title='bbox 1073 2576 1106 2631; x_wconf 78' lang='lat' dir='ltr'><strong><em>ef.</em></strong></span> <span class='ocrx_word' id='word_1_201' title='bbox 1117 2595 1141 2631; x_wconf 87' lang='lat' dir='ltr'><strong><em>v.</em></strong></span> <span class='ocrx_word' id='word_1_202' title='bbox 1153 2583 1176 2631; x_wconf 78' lang='lat'><strong><em>2.</em></strong></span> 
     </span>
     <span class='ocr_line' id='line_1_24' title="bbox 167 2647 1177 2718; baseline -0.001 -15"><span class='ocrx_word' id='word_1_203' title='bbox 167 2668 193 2718; x_wconf 88' lang='lat' dir='ltr'><strong><em>p.</em></strong></span> <span class='ocrx_word' id='word_1_204' title='bbox 204 2655 265 2718; x_wconf 80' lang='grc'><strong><em>446,</em></strong></span> <span class='ocrx_word' id='word_1_205' title='bbox 276 2655 309 2703; x_wconf 91' lang='grc'><strong><em>16</em></strong></span> <span class='ocrx_word' id='word_1_206' title='bbox 374 2655 390 2703; x_wconf 90' lang='grc'><strong>6</strong></span> <span class='ocrx_word' id='word_1_207' title='bbox 405 2649 490 2703; x_wconf 76' lang='grc' dir='ltr'><strong><em>αὐτὸν</em></strong></span> <span class='ocrx_word' id='word_1_208' title='bbox 505 2664 534 2703; x_wconf 76' lang='lat' dir='ltr'><strong><em>a:</em></strong></span> <span class='ocrx_word' id='word_1_209' title='bbox 554 2649 621 2703; x_wconf 76' lang='grc' dir='ltr'><strong><em>αὐτὸ</em></strong></span> <span class='ocrx_word' id='word_1_210' title='bbox 636 2649 737 2718; x_wconf 76' lang='lat' dir='ltr'>Haase,</span> <span class='ocrx_word' id='word_1_211' title='bbox 757 2648 876 2703; x_wconf 82' lang='lat' dir='ltr'>sednon</span> <span class='ocrx_word' id='word_1_212' title='bbox 891 2665 960 2718; x_wconf 82' lang='lat' dir='ltr'>opus</span> <span class='ocrx_word' id='word_1_213' title='bbox 975 2651 1018 2702; x_wconf 77' lang='lat' dir='ltr'><strong><em>est</em></strong></span> <span class='ocrx_word' id='word_1_214' title='bbox 1032 2647 1177 2718; x_wconf 72' lang='lat' dir='ltr'>corrigere,</span> 
     </span>
     <span class='ocr_line' id='line_1_25' title="bbox 168 2719 1176 2792; baseline 0.001 -19"><span class='ocrx_word' id='word_1_215' title='bbox 168 2719 192 2773; x_wconf 82' lang='lat' dir='ltr'><strong><em>si</em></strong></span> <span class='ocrx_word' id='word_1_216' title='bbox 210 2720 305 2774; x_wconf 78' lang='lat' dir='ltr'><strong>Ajacis</strong></span> <span class='ocrx_word' id='word_1_217' title='bbox 324 2737 425 2776; x_wconf 86' lang='lat' dir='ltr'>nomen</span> <span class='ocrx_word' id='word_1_218' title='bbox 445 2720 573 2775; x_wconf 71' lang='lat' dir='ltr'><strong>additum</strong></span> <span class='ocrx_word' id='word_1_219' title='bbox 591 2719 645 2775; x_wconf 75' lang='lat' dir='ltr'>erit</span> <span class='ocrx_word' id='word_1_220' title='bbox 716 2721 735 2774; x_wconf 89' lang='lat' dir='ltr'><strong><em>f.</em></strong></span> <span class='ocrx_word' id='word_1_221' title='bbox 756 2719 785 2774; x_wconf 82' lang='grc' dir='ltr'><strong><em>έν</em></strong></span> <span class='ocrx_word' id='word_1_222' title='bbox 804 2720 875 2792; x_wconf 79' lang='grc' dir='ltr'><strong><em>(τε)</em></strong></span> <span class='ocrx_word' id='word_1_223' title='bbox 949 2725 982 2773; x_wconf 93' lang='grc'><strong><em>10</em></strong></span> <span class='ocrx_word' id='word_1_224' title='bbox 1000 2719 1128 2791; x_wconf 81' lang='grc' dir='ltr'><strong><em>ἄμβυκας</em></strong></span> <span class='ocrx_word' id='word_1_225' title='bbox 1146 2734 1176 2774; x_wconf 73' lang='lat' dir='ltr'><strong><em>a:</em></strong></span> 
     </span>
     <span class='ocr_line' id='line_1_26' title="bbox 168 2789 1178 2864; baseline 0 -20"><span class='ocrx_word' id='word_1_226' title='bbox 168 2807 235 2846; x_wconf 81' lang='lat' dir='ltr'>corr.</span> <span class='ocrx_word' id='word_1_227' title='bbox 255 2792 329 2846; x_wconf 87' lang='lat' dir='ltr'>Prou</span> <span class='ocrx_word' id='word_1_228' title='bbox 352 2791 506 2864; x_wconf 80' lang='grc' dir='ltr'><strong><em>(σαμβύκας</em></strong></span> <span class='ocrx_word' id='word_1_229' title='bbox 528 2791 655 2846; x_wconf 67' lang='lat' dir='ltr'>voluerat</span> <span class='ocrx_word' id='word_1_230' title='bbox 678 2790 764 2845; x_wconf 73' lang='lat' dir='ltr'>etiarn</span> <span class='ocrx_word' id='word_1_231' title='bbox 781 2791 875 2844; x_wconf 75' lang='grc' dir='ltr'><strong><em>Ηεοεε</em></strong></span> <span class='ocrx_word' id='word_1_232' title='bbox 893 2790 922 2844; x_wconf 91' lang='lat' dir='ltr'><strong><em>in</em></strong></span> <span class='ocrx_word' id='word_1_233' title='bbox 947 2789 1056 2845; x_wconf 79' lang='lat' dir='ltr'>schedis</span> <span class='ocrx_word' id='word_1_234' title='bbox 1076 2789 1178 2844; x_wconf 81' lang='lat' dir='ltr'>Schoe-</span> 
     </span>
     <span class='ocr_line' id='line_1_27' title="bbox 167 2860 1176 2932; baseline -0.002 -16"><span class='ocrx_word' id='word_1_235' title='bbox 167 2861 268 2930; x_wconf 68' lang='lat' dir='ltr'>nianir,</span> <span class='ocrx_word' id='word_1_236' title='bbox 288 2864 337 2916; x_wconf 80' lang='lat' dir='ltr'><strong><em>sed</em></strong></span> <span class='ocrx_word' id='word_1_237' title='bbox 350 2881 445 2917; x_wconf 83' lang='lat' dir='ltr'>rursus</span> <span class='ocrx_word' id='word_1_238' title='bbox 459 2861 586 2932; x_wconf 77' lang='lat' dir='ltr'>delevit):</span> <span class='ocrx_word' id='word_1_239' title='bbox 607 2861 738 2932; x_wconf 85' lang='grc' dir='ltr'><strong><em>άμποκας</em></strong></span> <span class='ocrx_word' id='word_1_240' title='bbox 750 2861 868 2917; x_wconf 80' lang='lat' dir='ltr'>Parisin.</span> <span class='ocrx_word' id='word_1_241' title='bbox 884 2861 973 2932; x_wconf 82' lang='lat' dir='ltr'><strong>suppl.</strong></span> <span class='ocrx_word' id='word_1_242' title='bbox 989 2868 1021 2915; x_wconf 92' lang='lat'><strong><em>11</em></strong></span> <span class='ocrx_word' id='word_1_243' title='bbox 1041 2860 1071 2914; x_wconf 88' lang='lat' dir='ltr'><strong><em>in</em></strong></span> <span class='ocrx_word' id='word_1_244' title='bbox 1089 2878 1176 2932; x_wconf 76' lang='lat' dir='ltr'>marg.</span> 
     </span>
     <span class='ocr_line' id='line_1_28' title="bbox 168 2931 1176 3024; baseline -0.003 -36"><span class='ocrx_word' id='word_1_245' title='bbox 168 2937 196 2988; x_wconf 78' lang='lat' dir='ltr'><strong><em>et</em></strong></span> <span class='ocrx_word' id='word_1_246' title='bbox 214 2934 416 2989; x_wconf 80' lang='lat' dir='ltr'>Ambrosianus</span> <span class='ocrx_word' id='word_1_247' title='bbox 436 2933 522 2988; x_wconf 77' lang='lat'><strong>0266</strong></span> <span class='ocrx_word' id='word_1_248' title='bbox 537 2933 617 2988; x_wconf 81' lang='lat' dir='ltr'>inser.</span> <span class='ocrx_word' id='word_1_249' title='bbox 632 2950 716 3002; x_wconf 81' lang='lat' dir='ltr'>supra</span> <span class='ocrx_word' id='word_1_250' title='bbox 739 2932 851 3024; x_wconf 61' lang='lat' dir='ltr'>scripsit</span> <span class='ocrx_word' id='word_1_251' title='bbox 923 2940 954 2987; x_wconf 90' lang='lat'><strong><em>11</em></strong></span> <span class='ocrx_word' id='word_1_252' title='bbox 975 2933 1121 2999; x_wconf 84' lang='grc' dir='ltr'><strong><em>θωράκιον</em></strong></span> <span class='ocrx_word' id='word_1_253' title='bbox 1140 2931 1176 2986; x_wconf 83' lang='lat' dir='ltr'><strong><em>G:</em></strong></span> 
     </span>
     <span class='ocr_line' id='line_1_29' title="bbox 167 3000 1177 3086; baseline -0.003 -27"><span class='ocrx_word' id='word_1_254' title='bbox 167 3002 266 3075; x_wconf 75' lang='grc' dir='ltr'><strong><em>ῥάκιον</em></strong></span> <span class='ocrx_word' id='word_1_255' title='bbox 289 3005 342 3059; x_wconf 82' lang='lat' dir='ltr'><strong><em>AT</em></strong></span> <span class='ocrx_word' id='word_1_256' title='bbox 415 3006 433 3060; x_wconf 86' lang='lat' dir='ltr'><strong><em>f.</em></strong></span> <span class='ocrx_word' id='word_1_257' title='bbox 454 3000 575 3074; x_wconf 81' lang='grc' dir='ltr'><strong><em>έκιιοπῆς</em></strong></span> <span class='ocrx_word' id='word_1_258' title='bbox 598 3006 668 3077; x_wconf 83' lang='grc' dir='ltr'><strong><em>(καὶ</em></strong></span> <span class='ocrx_word' id='word_1_259' title='bbox 690 3013 738 3074; x_wconf 75' lang='grc' dir='ltr'><strong><em>τῆς</em></strong></span> <span class='ocrx_word' id='word_1_260' title='bbox 761 3004 857 3086; x_wconf 65' lang='grc' dir='ltr'><strong><em>κατα)</em></strong></span> <span class='ocrx_word' id='word_1_261' title='bbox 948 3009 980 3058; x_wconf 80' lang='grc'><strong><em>12</em></strong></span> <span class='ocrx_word' id='word_1_262' title='bbox 1000 3004 1117 3076; x_wconf 78' lang='grc' dir='ltr'><strong><em>ναΐσκῳε</em></strong></span> <span class='ocrx_word' id='word_1_263' title='bbox 1141 3020 1177 3056; x_wconf 78' lang='lat' dir='ltr'><strong><em>an</em></strong></span> 
     </span>
     <span class='ocr_line' id='line_1_30' title="bbox 166 3073 1176 3147; baseline -0.002 -17"><span class='ocrx_word' id='word_1_264' title='bbox 166 3079 287 3133; x_wconf 67' lang='lat' dir='ltr'><strong><em>rivam?</em></strong></span> <span class='ocrx_word' id='word_1_265' title='bbox 347 3075 556 3147; x_wconf 72' lang='grc' dir='ltr'><strong><em>τεταγμένοισι</em></strong></span> <span class='ocrx_word' id='word_1_266' title='bbox 572 3094 639 3132; x_wconf 77' lang='lat' dir='ltr'>corr.</span> <span class='ocrx_word' id='word_1_267' title='bbox 649 3075 682 3131; x_wconf 86' lang='lat' dir='ltr'><strong><em>R.</em></strong></span> <span class='ocrx_word' id='word_1_268' title='bbox 698 3076 822 3130; x_wconf 79' lang='lat' dir='ltr'>Schoene</span> <span class='ocrx_word' id='word_1_269' title='bbox 836 3094 867 3130; x_wconf 89' lang='lat' dir='ltr'><strong><em>rn</em></strong></span> <span class='ocrx_word' id='word_1_270' title='bbox 881 3075 991 3130; x_wconf 81' lang='lat' dir='ltr'>schedis</span> <span class='ocrx_word' id='word_1_271' title='bbox 1005 3073 1063 3128; x_wconf 80' lang='lat' dir='ltr'>suis</span> <span class='ocrx_word' id='word_1_272' title='bbox 1124 3074 1176 3128; x_wconf 78' lang='grc' dir='ltr'><strong><em>δύο</em></strong></span> 
     </span>
    </p>
   </div>
   <div class='ocr_carea' id='block_1_6' title="bbox 165 3163 1176 3590">
    <p class='ocr_par' dir='ltr' id='par_1_6' title="bbox 165 3163 1176 3590">
     <span class='ocr_line' id='line_1_31' title="bbox 167 3163 1175 3239; baseline 0 -21"><span class='ocrx_word' id='word_1_273' title='bbox 167 3165 276 3235; x_wconf 78' lang='lat' dir='ltr'>scripsi:</span> <span class='ocrx_word' id='word_1_274' title='bbox 296 3173 359 3222; x_wconf 73' lang='grc' dir='ltr'><strong><em>ᾶυε</em></strong></span> <span class='ocrx_word' id='word_1_275' title='bbox 382 3166 414 3221; x_wconf 83' lang='lat' dir='ltr'><strong><em>‘f.</em></strong></span> <span class='ocrx_word' id='word_1_276' title='bbox 431 3167 462 3239; x_wconf 85' lang='grc' dir='ltr'><strong><em>β’</em></strong></span> <span class='ocrx_word' id='word_1_277' title='bbox 482 3165 599 3220; x_wconf 78' lang='lat' dir='ltr'>Parisin.</span> <span class='ocrx_word' id='word_1_278' title='bbox 616 3165 705 3234; x_wconf 81' lang='lat' dir='ltr'>suppl.</span> <span class='ocrx_word' id='word_1_279' title='bbox 721 3172 752 3219; x_wconf 91' lang='lat'><strong><em>11</em></strong></span> <span class='ocrx_word' id='word_1_280' title='bbox 768 3164 799 3218; x_wconf 86' lang='lat' dir='ltr'><strong><em>in</em></strong></span> <span class='ocrx_word' id='word_1_281' title='bbox 816 3181 904 3235; x_wconf 77' lang='lat' dir='ltr'>marg.</span> <span class='ocrx_word' id='word_1_282' title='bbox 978 3169 1012 3218; x_wconf 81' lang='lat'><strong><em>14</em></strong></span> <span class='ocrx_word' id='word_1_283' title='bbox 1030 3163 1126 3218; x_wconf 87' lang='grc' dir='ltr'><strong><em>στάσιν</em></strong></span> <span class='ocrx_word' id='word_1_284' title='bbox 1145 3177 1175 3218; x_wconf 73' lang='grc' dir='ltr'><strong><em>αι</em></strong></span> 
     </span>
     <span class='ocr_line' id='line_1_32' title="bbox 167 3232 1175 3326; baseline -0.001 -36"><span class='ocrx_word' id='word_1_285' title='bbox 167 3254 234 3292; x_wconf 84' lang='lat' dir='ltr'>corr.</span> <span class='ocrx_word' id='word_1_286' title='bbox 244 3238 276 3293; x_wconf 81' lang='lat' dir='ltr'><strong><em>R.</em></strong></span> <span class='ocrx_word' id='word_1_287' title='bbox 288 3237 413 3293; x_wconf 79' lang='lat' dir='ltr'>Schoene</span> <span class='ocrx_word' id='word_1_288' title='bbox 467 3232 597 3307; x_wconf 76' lang='grc' dir='ltr'><strong><em>ένερθὲνι</em></strong></span> <span class='ocrx_word' id='word_1_289' title='bbox 614 3233 753 3326; x_wconf 74' lang='grc' dir='ltr'><strong><em>ἐρρασθὲν</em></strong></span> <span class='ocrx_word' id='word_1_290' title='bbox 767 3237 847 3290; x_wconf 89' lang='lat' dir='ltr'>Prou.</span> <span class='ocrx_word' id='word_1_291' title='bbox 871 3236 905 3291; x_wconf 79' lang='lat' dir='ltr'><strong><em>of.</em></strong></span> <span class='ocrx_word' id='word_1_292' title='bbox 917 3255 945 3305; x_wconf 92' lang='lat' dir='ltr'><strong><em>p.</em></strong></span> <span class='ocrx_word' id='word_1_293' title='bbox 955 3241 1016 3304; x_wconf 80' lang='lat'>432,</span> <span class='ocrx_word' id='word_1_294' title='bbox 1027 3241 1059 3288; x_wconf 81' lang='lat'><strong><em>12</em></strong></span> <span class='ocrx_word' id='word_1_295' title='bbox 1109 3233 1128 3289; x_wconf 85' lang='lat' dir='ltr'><strong><em>f.</em></strong></span> <span class='ocrx_word' id='word_1_296' title='bbox 1145 3234 1175 3289; x_wconf 75' lang='grc' dir='ltr'><strong><em>δὲ</em></strong></span> 
     </span>
     <span class='ocr_line' id='line_1_33' title="bbox 165 3307 1175 3380; baseline -0.003 -18"><span class='ocrx_word' id='word_1_297' title='bbox 165 3307 276 3380; x_wconf 76' lang='grc' dir='ltr'><strong><em>(ἔστω)</em></strong></span> <span class='ocrx_word' id='word_1_298' title='bbox 345 3316 377 3364; x_wconf 90' lang='grc'><strong><em>16</em></strong></span> <span class='ocrx_word' id='word_1_299' title='bbox 392 3309 410 3363; x_wconf 89' lang='lat' dir='ltr'><strong><em>f.</em></strong></span> <span class='ocrx_word' id='word_1_300' title='bbox 427 3308 457 3363; x_wconf 81' lang='grc' dir='ltr'><strong><em>ἐκ</em></strong></span> <span class='ocrx_word' id='word_1_301' title='bbox 471 3307 609 3380; x_wconf 79' lang='grc' dir='ltr'><strong><em>&lt;τοῦάνιο</em></strong></span> <span class='ocrx_word' id='word_1_302' title='bbox 620 3307 740 3380; x_wconf 83' lang='grc' dir='ltr'><strong><em>μερονς&gt;</em></strong></span> <span class='ocrx_word' id='word_1_303' title='bbox 755 3308 978 3377; x_wconf 78' lang='grc' dir='ltr'><strong><em>τοῦὺκερθάρου</em></strong></span> <span class='ocrx_word' id='word_1_304' title='bbox 1052 3311 1085 3359; x_wconf 84' lang='grc'><strong><em>18</em></strong></span> <span class='ocrx_word' id='word_1_305' title='bbox 1099 3325 1175 3374; x_wconf 87' lang='grc' dir='ltr'><strong><em>περι-</em></strong></span> 
     </span>
     <span class='ocr_line' id='line_1_34' title="bbox 166 3374 1176 3452; baseline -0.001 -21"><span class='ocrx_word' id='word_1_306' title='bbox 166 3380 302 3452; x_wconf 88' lang='grc' dir='ltr'><strong><em>λαμβάνει</em></strong></span> <span class='ocrx_word' id='word_1_307' title='bbox 321 3397 350 3435; x_wconf 81' lang='lat' dir='ltr'><strong><em>a:</em></strong></span> <span class='ocrx_word' id='word_1_308' title='bbox 370 3377 588 3452; x_wconf 87' lang='grc' dir='ltr'><strong><em>περιλαμβάνειν</em></strong></span> <span class='ocrx_word' id='word_1_309' title='bbox 607 3379 680 3433; x_wconf 89' lang='lat' dir='ltr'>Prou</span> <span class='ocrx_word' id='word_1_310' title='bbox 752 3384 855 3432; x_wconf 87' lang='grc'>18-19</span> <span class='ocrx_word' id='word_1_311' title='bbox 877 3377 896 3432; x_wconf 88' lang='lat' dir='ltr'><strong><em>f.</em></strong></span> <span class='ocrx_word' id='word_1_312' title='bbox 912 3374 1053 3447; x_wconf 75' lang='grc' dir='ltr'><strong><em>ἕπιοάροις</em></strong></span> <span class='ocrx_word' id='word_1_313' title='bbox 1071 3377 1176 3447; x_wconf 80' lang='grc' dir='ltr'><strong><em>(προσ-</em></strong></span> 
     </span>
     <span class='ocr_line' id='line_1_35' title="bbox 165 3447 1174 3522; baseline -0.002 -18"><span class='ocrx_word' id='word_1_314' title='bbox 165 3449 392 3522; x_wconf 79' lang='grc' dir='ltr'><strong><em>ηηκυλωμένας&gt;·</em></strong></span> <span class='ocrx_word' id='word_1_315' title='bbox 490 3456 522 3504; x_wconf 87' lang='grc'><strong><em>19</em></strong></span> <span class='ocrx_word' id='word_1_316' title='bbox 549 3450 594 3505; x_wconf 78' lang='grc' dir='ltr'><strong><em>τδι</em></strong></span> <span class='ocrx_word' id='word_1_317' title='bbox 622 3450 687 3521; x_wconf 63' lang='grc' dir='ltr'><strong><em>δτι</em></strong></span> <span class='ocrx_word' id='word_1_318' title='bbox 715 3449 964 3522; x_wconf 87' lang='grc' dir='ltr'><strong><em>&lt;πλατνσμάτιον&gt;</em></strong></span> <span class='ocrx_word' id='word_1_319' title='bbox 1009 3447 1043 3503; x_wconf 86' lang='lat' dir='ltr'><strong><em>of.</em></strong></span> <span class='ocrx_word' id='word_1_320' title='bbox 1067 3447 1174 3517; x_wconf 62' lang='lat' dir='ltr'>Dioptr.</span> 
     </span>
     <span class='ocr_line' id='line_1_36' title="bbox 167 3526 333 3590; baseline 0.012 -18"><span class='ocrx_word' id='word_1_321' title='bbox 167 3526 333 3590; x_wconf 79' lang='lat'>188‚19.20</span> 
     </span>
    </p>
   </div>
   <div class='ocr_carea' id='block_1_7' title="bbox 0 0 1292 3918">
    <p class='ocr_par' dir='ltr' id='par_1_7' title="bbox 0 0 1292 3918">
     <span class='ocr_line' id='line_1_37' title="bbox 0 0 1292 3918; baseline 0 1"><span class='ocrx_word' id='word_1_322' title='bbox 0 0 1292 3918; x_wconf 95' lang='lat' dir='ltr'><strong><em> </em></strong></span> 
     </span>
    </p>
   </div>
  </div>
 </body>
</html>
