2598 3886
154 162 218 226 100
271 149 420 215 muoz
439 159 705 220 ΑΛΕΞΑΝΔΡΕΩΣ
724 162 992 215 mmmmm
1012 164 1042 215 ε.

151 348 210 407 γος
235 327 447 410 παρακείσθω
477 324 589 389 κανὼν
621 322 639 388 ὁ
668 325 747 387 ΛΜ
769 324 923 407 συμφυὴς
954 320 1015 408 μὲν
1042 324 1090 388 ὢν
1115 331 1161 410 τῷ

151 441 273 513 πνιγεί,
306 429 544 515 συνδεδεμένος
578 425 615 494 δέ
651 437 697 516 τῷ
728 439 786 513 τῆς
822 431 1002 513 σάλπιγγος
1039 436 1162 514 σωλῆνι

151 535 206 602 καὶ
238 540 323 621 ἔχων
354 536 389 601 ἐκ
416 546 476 602 τοῦ
504 539 609 622 ἄκρου
635 536 845 620 κωλυμάτιον
870 536 907 600 τὸ
931 540 984 619 Μ,
1013 536 1162 602 τουτέστι

151 645 370 730 χελωνάριον·-
405 651 451 729 τῷ
484 639 521 707 δέ
552 646 746 729 κωλυματίφ
778 642 968 707 ὑποκείσθω
1001 644 1112 708 κανων
1143 643 1161 709 ὁ

151 749 221 824 ΝΞ
246 749 373 834 ἀνέχων
400 751 459 814 τὸν
489 753 515 812 Ζ
545 748 663 831 πνιγέα
685 746 848 832 ἀπέχοντα
871 748 935 813 άπὸ
958 758 1018 813 τοῦ
1040 750 1162 825 ὕδατος
1190 767 1202 806 5

104 891 106 896 ·
153 858 276 921 λκανόν.
323 855 340 921 ὁ
369 852 407 921 δὲ
429 854 498 928 ΝΞ
518 855 631 919 κανὼν
652 858 812 919 κινείσθω
835 853 911 941 περὶ
934 857 1079 941 περόνην
1101 857 1163 938 τὴν

153 968 194 1027 0·
219 963 253 1028 ἐκ
272 960 309 1028 δὲ
332 971 392 1027 τοῦ
415 960 445 1035 Ξ
465 963 570 1046 άκρου
593 970 653 1026 τοῦ
675 963 815 1037 κανόνος
836 962 953 1036 ἅλυσις
975 959 996 1043 ἢ
1020 961 1162 1047 σπάρτος

152 1069 326 1136 ἐκδοθεῖσα
361 1066 577 1133 άποδεδέσθω
614 1068 670 1132 διά
701 1070 857 1152 τροχίλου
888 1076 948 1132 τοῦ
980 1072 1018 1132 Π
1047 1068 1094 1144 εἰς
1125 1069 1162 1132 τὸ
1255 1149 1258 1158 ⁸

152 1178 295 1241 όπισθεν
317 1183 373 1260 τῆς
395 1175 512 1260 θύρας.
558 1175 758 1258 συμβήσεται
782 1168 844 1238 οὖν
866 1183 923 1257 τῆς
945 1175 1054 1260 θύρας
1073 1173 1163 1238 άνοι-

151 1280 293 1366 γομένης
329 1279 523 1365 τεινομένην
561 1281 622 1363 τὴν
654 1280 802 1366 σπάρτον
833 1279 1035 1345 ἐπισπᾶσθαι
1066 1282 1103 1346 τὸ
1135 1280 1204 1354 Ξιο

153 1390 257 1473 άκρον
282 1398 343 1454 τοῦ
369 1390 525 1470 κανόνος,
553 1388 636 1452 ὥστε
663 1385 776 1471 μηκέτι
805 1386 1076 1452 ὑποπεπτωκέναι
1103 1389 1163 1451 τὸν
1291 1403 1292 1408 ’

151 1493 221 1567 ΝΞ
232 1497 357 1559 κανόνα
370 1501 417 1580 τῷ
431 1497 476 1558 Μ
483 1496 693 1580 κωλυματίφ·
711 1493 832 1557 τούτου
846 1489 884 1557 δὲ
896 1493 1163 1579 παραλλάξαντος

69 1657 70 1662 ,
152 1602 335 1686 φερόμενος
362 1600 380 1665 δ
407 1602 545 1682 πνιγεὺς
573 1600 620 1675 είς
646 1601 683 1664 τὸ
706 1599 798 1685 ὕδωρ
820 1600 881 1664 τὸν
902 1609 960 1683 τῆς
983 1601 1163 1683 σάλπιγγος

99 1723 138 1763 1⁷²
152 1702 235 1790 ἦχον
261 1705 448 1771 ἀποτελέσει
477 1707 533 1771 διά
560 1707 598 1771 τὸ
625 1707 685 1771 τὸν
712 1705 750 1770 έν
774 1705 777 1787 λ
802 1705 892 1792 αὐτῷ
920 1704 1000 1790 ἀέρα
1027 1708 1084 1771 διὰ
1105 1717 1163 1791 τῆς

67 1863 71 1872 .
152 1812 335 1898 γλωσσίδος
357 1809 412 1876 καὶ
434 1820 495 1876 τοῦ
517 1812 673 1888 κώδωνος
696 1811 921 1895 ἐκθλίβεσθαι.
1178 1834 1204 1871 15

594 1987 713 2052 XVIII.

147 2101 152 2104 ’
218 2099 279 2173 Eis
305 2099 379 2161 ένια
406 2095 489 2181 ῥυτά
516 2095 783 2181 προεγχυθέντος
813 2103 924 2180 οίνου,
957 2097 1037 2163 ὅταν
1070 2097 1162 2183 ὕδωρ

152 2202 345 2288 ἐπιχέωμεν,
372 2199 426 2267 ὁτὲ
448 2199 510 2288 μὲν
532 2204 684 2288 καθαρὸν
710 2204 747 2268 τὸ
774 2204 866 2288 ὕδωρ
890 2202 1004 2289 έκρίει,
1028 2200 1103 2284 (ὁτὲ
1126 2200 1163 2268 δὲ

151 2313 291 2396 κρᾶμα,>
310 2306 363 2375 ὁτὲ
382 2305 419 2374 δέ
438 2303 529 2385 οίνος
548 2311 708 2394 καθαρός·
726 2310 996 2389 κατασκευάζεται
1015 2306 1052 2374 δὲ
1065 2311 1163 2376 τόνδε
1289 2373 1294 2381 .

152 2416 212 2479 τὸν
233 2417 366 2500 τρόπον,
583 2431 587 2438 ’
1178 2435 1205 2474 20

209 2520 315 2586 Ἔστω
344 2521 446 2607 ῥυτὸν
473 2522 510 2585 τὸ
539 2524 643 2586 ΑΒΓ
666 2523 743 2605 ἔχον
770 2522 1002 2606 διαφράγματα
1031 2523 1093 2588 δύο
1121 2525 1161 2588 τὰ

153 2632 235 2710 ΛΕ,
260 2630 341 2691 ΖΗ·
364 2628 420 2691 διδ
440 2623 476 2691 δὲ
499 2625 696 2713 ἀμφοτέρων
718 2625 828 2691 αὐτῶν
852 2629 962 2710 σωλὴν
985 2629 1119 2693 διάσθω
1143 2629 1161 2694 δ

156 2737 222 2798 ΘΚ
248 2733 551 2818 συνεστεγνωμένος
577 2743 648 2809 τοῖς
674 2733 900 2820 διαφράγμασι
927 2733 982 2799 καὶ
1005 2756 1163 2820 τετρυπη-

153 2839 251 2925 μένος
282 2842 447 2927 τρηματίφ
478 2847 525 2925 τῷ
554 2844 584 2911 Λ
618 2839 755 2927 κειμένῳ
787 2840 941 2926 ὑπεράνω
969 2842 1074 2926 βραχὺ
1102 2850 1162 2906 τοῦ

156 2950 225 3011 ΖΗ
253 2947 508 3033 διαφράγματος.
559 2946 625 3011 ὑπὸ
658 2943 696 3010 δὲ
726 2949 763 3011 τὸ
793 2952 862 3011 ΔΕ
890 2948 1081 3033 διάφραγμα
1114 2948 1163 3012 δι-
1178 2966 1205 3005 25

219 3088 240 3135 a
265 3076 393 3135 12-15
421 3074 528 3136 τούτου
555 3071 588 3134 δὲ
686 3073 879 3155 ἐκθλίβεσθαι
902 3101 944 3124 --
968 3070 991 3135 l)
1019 3078 1162 3136 27-29:

153 3165 259 3225 τούτου
283 3160 315 3224 δὲ
337 3163 574 3245 παραλλάξαντος
597 3164 758 3245 φερόμενος
782 3159 798 3223 δ
821 3163 943 3244 πνιγεδς
966 3163 1008 3236 είς
1030 3162 1062 3224 τὸ
1081 3164 1162 3244 όδωρ

154 3251 291 3330 έκθλίψει
321 3251 372 3313 τὸν
404 3251 437 3314 ἐν
468 3250 562 3337 ἑαυτῷ
593 3250 664 3333 ἀέρα
691 3250 740 3313 διὰ
767 3261 819 3332 τῆς
834 3253 1006 3333 -γλωσσίδος
1032 3251 1083 3313 καλ
1108 3262 1162 3314 τοῦ

154 3340 293 3414 κώδωνος
315 3351 368 3421 τῆς
390 3341 546 3422 σάλπιγγος
570 3339 620 3400 καλ
642 3339 804 3402 ἀποτελέσει
826 3340 878 3402 τὸν
900 3333 973 3421 ἦχον
996 3339 1095 3420 αὐτῆς.

221 3442 242 3489 a
262 3433 334 3507 100,
350 3432 510 3507 25-102,
527 3433 544 3490 6
570 3427 627 3489 ὑπὸ
651 3426 683 3490 δὲ
706 3427 737 3489 τὸ
756 3433 817 3488 ΔΕ
835 3428 1006 3511 διάφραγμα
1025 3478 1030 3489 .
1047 3478 1074 3489 ,.
1095 3425 1111 3489 δ
1130 3427 1163 3490 ἐν
1177 3445 1205 3483 3ο

153 3523 194 3602 τῷ
212 3521 346 3578 ΔΕΖΗ
363 3513 446 3591 οἶνος
465 3545 507 3568 =
526 3514 550 3579 0
571 3520 643 3593 100,
659 3520 820 3594 31-102,
837 3520 891 3578 30:
915 3515 973 3580 ὑπὸ
998 3514 1029 3578 δὲ
1052 3516 1083 3578 τὸ
1103 3521 1163 3577 ΔΕ
