<?xml version="1.0" encoding="UTF-8"?>
<!DOCTYPE html PUBLIC "-//W3C//DTD XHTML 1.0 Transitional//EN"
    "http://www.w3.org/TR/xhtml1/DTD/xhtml1-transitional.dtd">
<html xmlns="http://www.w3.org/1999/xhtml" xml:lang="en" lang="en">
 <head>
  <title>
</title>
<meta http-equiv="Content-Type" content="text/html;charset=utf-8" />
  <meta name='ocr-system' content='tesseract 3.04.00' />
  <meta name='ocr-capabilities' content='ocr_page ocr_carea ocr_par ocr_line ocrx_word'/>
</head>
<body>
  <div class='ocr_page' id='page_1' title='image "./heronisalexandr01schogoog_0223.png"; bbox 0 0 2594 3892; ppageno 0'>
   <div class='ocr_carea' id='block_1_1' title="bbox 160 134 1049 202">
    <p class='ocr_par' dir='ltr' id='par_1_1' title="bbox 160 134 1049 202">
     <span class='ocr_line' id='line_1_1' title="bbox 160 134 1049 202; baseline 0 -11"><span class='ocrx_word' id='word_1_1' title='bbox 160 137 222 202; x_wconf 88' lang='lat'><strong><em>148</em></strong></span> <span class='ocrx_word' id='word_1_2' title='bbox 276 139 427 191; x_wconf 78' lang='grc' dir='ltr'>ΗΡΩΝΟΣ</span> <span class='ocrx_word' id='word_1_3' title='bbox 445 134 711 197; x_wconf 74' lang='grc' dir='ltr'><strong>ΔΛΕΞΑΝΔΡΕΩΣ</strong></span> <span class='ocrx_word' id='word_1_4' title='bbox 730 139 999 191; x_wconf 77' lang='grc' dir='ltr'><strong>ΠΝΕΤΜΑΤΙΚΩΝ</strong></span> <span class='ocrx_word' id='word_1_5' title='bbox 1017 139 1049 191; x_wconf 82' lang='grc' dir='ltr'><strong><em>Δ.</em></strong></span> 
     </span>
    </p>
   </div>
   <div class='ocr_carea' id='block_1_2' title="bbox 587 333 729 400">
    <p class='ocr_par' dir='ltr' id='par_1_2' title="bbox 587 333 729 400">
     <span class='ocr_line' id='line_1_2' title="bbox 587 333 729 400; baseline -0.014 0"><span class='ocrx_word' id='word_1_6' title='bbox 587 333 729 400; x_wconf 82' lang='lat' dir='ltr'>XXXII.</span> 
     </span>
    </p>
   </div>
   <div class='ocr_carea' id='block_1_3' title="bbox 106 459 1213 865">
    <p class='ocr_par' dir='ltr' id='par_1_3' title="bbox 106 459 1213 865">
     <span class='ocr_line' id='line_1_3' title="bbox 106 459 1170 545; baseline 0.008 -28"><span class='ocrx_word' id='word_1_7' title='bbox 106 477 145 518; x_wconf 80' lang='grc' dir='ltr'><strong><em>ια</em></strong></span> <span class='ocrx_word' id='word_1_8' title='bbox 222 459 279 524; x_wconf 86' lang='grc' dir='ltr'><strong><em>Ἐν</em></strong></span> <span class='ocrx_word' id='word_1_9' title='bbox 309 471 378 536; x_wconf 80' lang='grc' dir='ltr'><strong><em>τοῖς</em></strong></span> <span class='ocrx_word' id='word_1_10' title='bbox 409 461 604 543; x_wconf 77' lang='grc' dir='ltr'><strong><em>Αἰγυπτίων</em></strong></span> <span class='ocrx_word' id='word_1_11' title='bbox 640 462 741 542; x_wconf 79' lang='grc' dir='ltr'><strong><em>ἱεροῖς</em></strong></span> <span class='ocrx_word' id='word_1_12' title='bbox 771 459 855 544; x_wconf 90' lang='grc' dir='ltr'><strong><em>πρὸς</em></strong></span> <span class='ocrx_word' id='word_1_13' title='bbox 886 470 957 536; x_wconf 78' lang='grc' dir='ltr'><strong><em>ταῖς</em></strong></span> <span class='ocrx_word' id='word_1_14' title='bbox 983 462 1170 545; x_wconf 82' lang='grc' dir='ltr'><strong><em>παραστάσι</em></strong></span> 
     </span>
     <span class='ocr_line' id='line_1_4' title="bbox 159 564 1171 652; baseline -0.002 -20"><span class='ocrx_word' id='word_1_15' title='bbox 159 564 272 652; x_wconf 87' lang='grc' dir='ltr'><strong><em>τροχοὶ</em></strong></span> <span class='ocrx_word' id='word_1_16' title='bbox 308 568 441 651; x_wconf 74' lang='grc' dir='ltr'><strong><em>χάλκεοι</em></strong></span> <span class='ocrx_word' id='word_1_17' title='bbox 477 565 684 651; x_wconf 78' lang='grc' dir='ltr'><strong><em>ἐπιστρεπτοί</em></strong></span> <span class='ocrx_word' id='word_1_18' title='bbox 720 568 871 648; x_wconf 83' lang='grc' dir='ltr'><strong><em>νίνονται</em></strong></span> <span class='ocrx_word' id='word_1_19' title='bbox 907 567 991 650; x_wconf 86' lang='grc' dir='ltr'><strong><em>πρὸς</em></strong></span> <span class='ocrx_word' id='word_1_20' title='bbox 1022 567 1059 630; x_wconf 91' lang='grc' dir='ltr'><strong><em>τὸ</em></strong></span> <span class='ocrx_word' id='word_1_21' title='bbox 1092 568 1171 642; x_wconf 81' lang='grc' dir='ltr'><strong><em>τοὺς</em></strong></span> 
     </span>
     <span class='ocr_line' id='line_1_5' title="bbox 160 671 1171 759; baseline -0.002 -21"><span class='ocrx_word' id='word_1_22' title='bbox 160 672 408 759; x_wconf 76' lang='grc' dir='ltr'><strong><em>εἰσερχομένους</em></strong></span> <span class='ocrx_word' id='word_1_23' title='bbox 435 671 646 758; x_wconf 79' lang='grc' dir='ltr'><strong><em>ἐπιστρέφειν</em></strong></span> <span class='ocrx_word' id='word_1_24' title='bbox 673 672 795 748; x_wconf 86' lang='grc' dir='ltr'><strong><em>αὐτοὺς</em></strong></span> <span class='ocrx_word' id='word_1_25' title='bbox 822 674 879 737; x_wconf 74' lang='grc' dir='ltr'><strong><em>διὰ</em></strong></span> <span class='ocrx_word' id='word_1_26' title='bbox 908 673 945 737; x_wconf 87' lang='grc' dir='ltr'><strong><em>τὸ</em></strong></span> <span class='ocrx_word' id='word_1_27' title='bbox 976 673 1089 737; x_wconf 73' lang='grc' dir='ltr'><strong><em>δοκεῖν</em></strong></span> <span class='ocrx_word' id='word_1_28' title='bbox 1111 672 1171 736; x_wconf 87' lang='grc' dir='ltr'><strong><em>τὸν</em></strong></span> 
     </span>
     <span class='ocr_line' id='line_1_6' title="bbox 159 775 1213 865; baseline -0.006 -21"><span class='ocrx_word' id='word_1_29' title='bbox 159 781 282 865; x_wconf 83' lang='grc' dir='ltr'><strong><em>χαλκὸν</em></strong></span> <span class='ocrx_word' id='word_1_30' title='bbox 312 779 470 862; x_wconf 81' lang='grc' dir='ltr'><strong><em>ἁχνίζειν·</em></strong></span> <span class='ocrx_word' id='word_1_31' title='bbox 497 783 566 844; x_wconf 79' lang='grc' dir='ltr'><strong><em>ἔστι</em></strong></span> <span class='ocrx_word' id='word_1_32' title='bbox 597 775 633 844; x_wconf 72' lang='grc' dir='ltr'><strong><em>δὲ</em></strong></span> <span class='ocrx_word' id='word_1_33' title='bbox 660 777 715 844; x_wconf 86' lang='grc' dir='ltr'><strong><em>καί</em></strong></span> <span class='ocrx_word' id='word_1_34' title='bbox 747 782 1005 865; x_wconf 79' lang='grc' dir='ltr'><strong><em>περιρραντήρια</em></strong></span> <span class='ocrx_word' id='word_1_35' title='bbox 1027 779 1110 865; x_wconf 90' lang='grc' dir='ltr'><strong><em>πρὸς</em></strong></span> <span class='ocrx_word' id='word_1_36' title='bbox 1132 779 1170 844; x_wconf 92' lang='grc' dir='ltr'><strong><em>τὸ</em></strong></span> <span class='ocrx_word' id='word_1_37' title='bbox 1199 797 1213 838; x_wconf 80' lang='lat'><strong>5</strong></span> 
     </span>
    </p>
   </div>
   <div class='ocr_carea' id='block_1_4' title="bbox 162 2527 1215 3398">
    <p class='ocr_par' dir='ltr' id='par_1_4' title="bbox 162 2527 1173 2832">
     <span class='ocr_line' id='line_1_7' title="bbox 162 2527 1172 2618; baseline -0.001 -20"><span class='ocrx_word' id='word_1_38' title='bbox 162 2534 241 2610; x_wconf 85' lang='grc' dir='ltr'><strong><em>τοὺς</em></strong></span> <span class='ocrx_word' id='word_1_39' title='bbox 273 2530 521 2618; x_wconf 78' lang='grc' dir='ltr'><strong><em>εἰσερχομένους</em></strong></span> <span class='ocrx_word' id='word_1_40' title='bbox 551 2533 834 2616; x_wconf 77' lang='grc' dir='ltr'><strong><em>περιρραίνεσθαι.</em></strong></span> <span class='ocrx_word' id='word_1_41' title='bbox 888 2530 967 2597; x_wconf 73' lang='grc' dir='ltr'><strong><em>δέον</em></strong></span> <span class='ocrx_word' id='word_1_42' title='bbox 999 2527 1062 2597; x_wconf 86' lang='grc' dir='ltr'><strong><em>οὖν</em></strong></span> <span class='ocrx_word' id='word_1_43' title='bbox 1089 2535 1172 2597; x_wconf 82' lang='grc' dir='ltr'><strong><em>ἔστω</em></strong></span> 
     </span>
     <span class='ocr_line' id='line_1_8' title="bbox 162 2636 1173 2724; baseline -0.002 -19"><span class='ocrx_word' id='word_1_44' title='bbox 162 2648 308 2723; x_wconf 78' lang='grc' dir='ltr'><strong><em>ποιῆσαι,</em></strong></span> <span class='ocrx_word' id='word_1_45' title='bbox 327 2639 410 2704; x_wconf 81' lang='grc' dir='ltr'><strong><em>ὥστε</em></strong></span> <span class='ocrx_word' id='word_1_46' title='bbox 429 2636 684 2724; x_wconf 80' lang='grc' dir='ltr'><strong><em>ἐπιστραφέντος</em></strong></span> <span class='ocrx_word' id='word_1_47' title='bbox 702 2646 762 2703; x_wconf 86' lang='grc' dir='ltr'><strong><em>τοῦ</em></strong></span> <span class='ocrx_word' id='word_1_48' title='bbox 780 2647 901 2724; x_wconf 86' lang='grc' dir='ltr'><strong><em>τροχοῦ</em></strong></span> <span class='ocrx_word' id='word_1_49' title='bbox 915 2639 1007 2724; x_wconf 74' lang='grc' dir='ltr'><strong><em>ὕδωρ</em></strong></span> <span class='ocrx_word' id='word_1_50' title='bbox 1023 2637 1055 2716; x_wconf 82' lang='grc' dir='ltr'><strong><em>ἐξ</em></strong></span> <span class='ocrx_word' id='word_1_51' title='bbox 1069 2637 1173 2704; x_wconf 85' lang='grc' dir='ltr'><strong><em>αὐτοῦ</em></strong></span> 
     </span>
     <span class='ocr_line' id='line_1_9' title="bbox 164 2745 973 2832; baseline -0.004 -21"><span class='ocrx_word' id='word_1_52' title='bbox 164 2745 328 2832; x_wconf 79' lang='grc' dir='ltr'><strong><em>ἐπιρρέειν</em></strong></span> <span class='ocrx_word' id='word_1_53' title='bbox 351 2746 398 2821; x_wconf 89' lang='grc' dir='ltr'><strong><em>εἰς</em></strong></span> <span class='ocrx_word' id='word_1_54' title='bbox 415 2745 452 2809; x_wconf 92' lang='grc' dir='ltr'><strong><em>τὸ</em></strong></span> <span class='ocrx_word' id='word_1_55' title='bbox 477 2745 521 2820; x_wconf 82' lang='grc' dir='ltr'><strong><em>ὡς</em></strong></span> <span class='ocrx_word' id='word_1_56' title='bbox 544 2750 669 2830; x_wconf 82' lang='grc' dir='ltr'><strong><em>εἰρηται</em></strong></span> <span class='ocrx_word' id='word_1_57' title='bbox 691 2748 973 2831; x_wconf 73' lang='grc' dir='ltr'><strong><em>περιρραίνεσθαι.</em></strong></span> 
     </span>
    </p>

    <p class='ocr_par' dir='ltr' id='par_1_5' title="bbox 162 2835 1215 3259">
     <span class='ocr_line' id='line_1_10' title="bbox 220 2835 1174 2937; baseline 0 -21"><span class='ocrx_word' id='word_1_58' title='bbox 220 2850 327 2917; x_wconf 83' lang='grc' dir='ltr'><strong><em>Ἔστω</em></strong></span> <span class='ocrx_word' id='word_1_59' title='bbox 359 2853 502 2916; x_wconf 77' lang='grc' dir='ltr'><strong><em>ὄπισθεν</em></strong></span> <span class='ocrx_word' id='word_1_60' title='bbox 532 2860 590 2934; x_wconf 79' lang='grc' dir='ltr'><strong><em>τῆς</em></strong></span> <span class='ocrx_word' id='word_1_61' title='bbox 620 2835 830 2937; x_wconf 77' lang='grc' dir='ltr'><strong><em>παραστάδας</em></strong></span> <span class='ocrx_word' id='word_1_62' title='bbox 860 2853 1007 2936; x_wconf 84' lang='grc' dir='ltr'><strong><em>κρυπτὸν</em></strong></span> <span class='ocrx_word' id='word_1_63' title='bbox 1039 2850 1174 2935; x_wconf 78' lang='grc' dir='ltr'><strong><em>ἀγγεῖον</em></strong></span> 
     </span>
     <span class='ocr_line' id='line_1_11' title="bbox 162 2958 1215 3048; baseline -0.001 -24"><span class='ocrx_word' id='word_1_64' title='bbox 162 2960 285 3036; x_wconf 77' lang='grc' dir='ltr'><strong><em>ὕδατος</em></strong></span> <span class='ocrx_word' id='word_1_65' title='bbox 316 2959 352 3024; x_wconf 88' lang='grc' dir='ltr'><strong><em>τὸ</em></strong></span> <span class='ocrx_word' id='word_1_66' title='bbox 387 2960 523 3023; x_wconf 85' lang='grc' dir='ltr'><em>ΑΒΓΔ</em></span> <span class='ocrx_word' id='word_1_67' title='bbox 553 2958 752 3044; x_wconf 85' lang='grc' dir='ltr'><strong><em>τετρημένον</em></strong></span> <span class='ocrx_word' id='word_1_68' title='bbox 784 2961 842 3024; x_wconf 89' lang='grc' dir='ltr'><strong><em>τὸν</em></strong></span> <span class='ocrx_word' id='word_1_69' title='bbox 874 2958 1030 3043; x_wconf 73' lang='grc' dir='ltr'><strong><em>πυθμένα</em></strong></span> <span class='ocrx_word' id='word_1_70' title='bbox 1061 2967 1108 3048; x_wconf 76' lang='grc' dir='ltr'><strong><em>τῷ</em></strong></span> <span class='ocrx_word' id='word_1_71' title='bbox 1143 2962 1175 3023; x_wconf 85' lang='grc' dir='ltr'><em>Ε</em></span> <span class='ocrx_word' id='word_1_72' title='bbox 1188 2977 1215 3017; x_wconf 85' lang='lat'><strong><em>1⁰</em></strong></span> 
     </span>
     <span class='ocr_line' id='line_1_12' title="bbox 163 3063 1174 3152; baseline 0 -21"><span class='ocrx_word' id='word_1_73' title='bbox 163 3064 310 3152; x_wconf 78' lang='grc' dir='ltr'><strong><em>τρήματα</em></strong></span> <span class='ocrx_word' id='word_1_74' title='bbox 354 3065 632 3148; x_wconf 74' lang='grc' dir='ltr'><strong><em>ὑποκεκοίἰήσθω</em></strong></span> <span class='ocrx_word' id='word_1_75' title='bbox 661 3065 726 3129; x_wconf 87' lang='grc' dir='ltr'><strong><em>ὑπὸ</em></strong></span> <span class='ocrx_word' id='word_1_76' title='bbox 754 3065 813 3129; x_wconf 92' lang='grc' dir='ltr'><strong><em>τὸν</em></strong></span> <span class='ocrx_word' id='word_1_77' title='bbox 839 3063 996 3148; x_wconf 79' lang='grc' dir='ltr'><strong><em>πυθμένα</em></strong></span> <span class='ocrx_word' id='word_1_78' title='bbox 1018 3064 1174 3141; x_wconf 84' lang='grc' dir='ltr'><strong><em>αὐλίσκος</em></strong></span> 
     </span>
     <span class='ocr_line' id='line_1_13' title="bbox 164 3165 1174 3259; baseline -0.003 -20"><span class='ocrx_word' id='word_1_79' title='bbox 164 3165 182 3239; x_wconf 84' lang='grc' dir='ltr'>ὃ</span> <span class='ocrx_word' id='word_1_80' title='bbox 211 3175 354 3238; x_wconf 82' lang='grc' dir='ltr'>ΖΗΘΚ</span> <span class='ocrx_word' id='word_1_81' title='bbox 374 3175 459 3257; x_wconf 81' lang='grc' dir='ltr'><strong><em>ἔχων</em></strong></span> <span class='ocrx_word' id='word_1_82' title='bbox 490 3169 545 3236; x_wconf 85' lang='grc' dir='ltr'><strong><em>καὶ</em></strong></span> <span class='ocrx_word' id='word_1_83' title='bbox 577 3170 675 3247; x_wconf 86' lang='grc' dir='ltr'><strong><em>αὐτὸς</em></strong></span> <span class='ocrx_word' id='word_1_84' title='bbox 705 3171 858 3256; x_wconf 83' lang='grc' dir='ltr'><strong><em>τρύπημα</em></strong></span> <span class='ocrx_word' id='word_1_85' title='bbox 886 3173 968 3236; x_wconf 81' lang='grc' dir='ltr'><strong><em>κατὰ</em></strong></span> <span class='ocrx_word' id='word_1_86' title='bbox 998 3173 1034 3236; x_wconf 89' lang='grc' dir='ltr'><strong><em>τὸ</em></strong></span> <span class='ocrx_word' id='word_1_87' title='bbox 1064 3171 1100 3237; x_wconf 87' lang='grc' dir='ltr'><strong><em>έν</em></strong></span> <span class='ocrx_word' id='word_1_88' title='bbox 1127 3179 1174 3259; x_wconf 77' lang='grc' dir='ltr'><strong><em>τῷ</em></strong></span> 
     </span>
    </p>

    <p class='ocr_par' dir='ltr' id='par_1_6' title="bbox 231 3315 1173 3398">
     <span class='ocr_line' id='line_1_14' title="bbox 231 3315 1173 3398; baseline -0.004 -18"><span class='ocrx_word' id='word_1_89' title='bbox 231 3335 251 3380; x_wconf 80' lang='lat' dir='ltr'><strong>a</strong></span> <span class='ocrx_word' id='word_1_90' title='bbox 276 3321 347 3398; x_wconf 85' lang='lat'>148,</span> <span class='ocrx_word' id='word_1_91' title='bbox 366 3320 526 3394; x_wconf 79' lang='lat'>11—150,</span> <span class='ocrx_word' id='word_1_92' title='bbox 543 3320 583 3376; x_wconf 80' lang='lat'><strong><em>12</em></strong></span> <span class='ocrx_word' id='word_1_93' title='bbox 612 3315 860 3396; x_wconf 77' lang='grc' dir='ltr'><strong><em>ὑποκειολίήσθω</em></strong></span> <span class='ocrx_word' id='word_1_94' title='bbox 968 3317 1048 3397; x_wconf 72' lang='grc' dir='ltr'><strong><em>ὕδωρ</em></strong></span> <span class='ocrx_word' id='word_1_95' title='bbox 1076 3317 1173 3398; x_wconf 76' lang='grc' dir='ltr'><strong><em>ῥεύσει</em></strong></span> 
     </span>
    </p>
   </div>
   <div class='ocr_carea' id='block_1_5' title="bbox 164 3399 1215 3576">
    <p class='ocr_par' dir='ltr' id='par_1_7' title="bbox 164 3399 1215 3576">
     <span class='ocr_line' id='line_1_15' title="bbox 164 3399 1172 3488; baseline -0.002 -20"><span class='ocrx_word' id='word_1_96' title='bbox 164 3435 207 3458; x_wconf 85' lang='lat'><strong><em>==</em></strong></span> <span class='ocrx_word' id='word_1_97' title='bbox 226 3404 249 3468; x_wconf 82' lang='lat' dir='ltr'><strong>b</strong></span> <span class='ocrx_word' id='word_1_98' title='bbox 270 3409 589 3488; x_wconf 81' lang='lat'>148,14-150‚29:</span> <span class='ocrx_word' id='word_1_99' title='bbox 613 3404 860 3483; x_wconf 76' lang='grc' dir='ltr'><strong><em>ὑποκεκολίήσθω</em></strong></span> <span class='ocrx_word' id='word_1_100' title='bbox 884 3399 913 3467; x_wconf 78' lang='grc' dir='ltr'><strong><em>δ’</em></strong></span> <span class='ocrx_word' id='word_1_101' title='bbox 933 3405 992 3466; x_wconf 74' lang='grc' dir='ltr'><strong><em>ὑπὸ</em></strong></span> <span class='ocrx_word' id='word_1_102' title='bbox 1015 3404 1067 3466; x_wconf 86' lang='grc' dir='ltr'><strong><em>τὸν</em></strong></span> <span class='ocrx_word' id='word_1_103' title='bbox 1091 3412 1172 3466; x_wconf 80' lang='grc' dir='ltr'><strong><em>πυθ-</em></strong></span> 
     </span>
     <span class='ocr_line' id='line_1_16' title="bbox 164 3492 1215 3576; baseline -0.002 -18"><span class='ocrx_word' id='word_1_104' title='bbox 164 3495 238 3576; x_wconf 83' lang='grc' dir='ltr'><strong><em>μένα</em></strong></span> <span class='ocrx_word' id='word_1_105' title='bbox 264 3497 401 3570; x_wconf 80' lang='grc' dir='ltr'><strong><em>αὐλίσιιος</em></strong></span> <span class='ocrx_word' id='word_1_106' title='bbox 429 3494 444 3556; x_wconf 82' lang='grc' dir='ltr'><em>ὅ</em></span> <span class='ocrx_word' id='word_1_107' title='bbox 472 3499 534 3556; x_wconf 88' lang='grc' dir='ltr'><strong><em>ΗΖ</em></strong></span> <span class='ocrx_word' id='word_1_108' title='bbox 543 3496 601 3555; x_wconf 87' lang='grc' dir='ltr'><strong><em>ΘΚ</em></strong></span> <span class='ocrx_word' id='word_1_109' title='bbox 628 3493 701 3574; x_wconf 80' lang='grc' dir='ltr'><strong><em>έχων</em></strong></span> <span class='ocrx_word' id='word_1_110' title='bbox 728 3492 777 3554; x_wconf 88' lang='grc' dir='ltr'><strong><em>ιιαί</em></strong></span> <span class='ocrx_word' id='word_1_111' title='bbox 805 3493 893 3567; x_wconf 83' lang='grc' dir='ltr'><strong><em>αὐτὸς</em></strong></span> <span class='ocrx_word' id='word_1_112' title='bbox 919 3495 1058 3576; x_wconf 77' lang='grc' dir='ltr'><strong><em>τρύπημα</em></strong></span> <span class='ocrx_word' id='word_1_113' title='bbox 1084 3493 1116 3555; x_wconf 85' lang='grc' dir='ltr'><strong><em>τὸ</em></strong></span> <span class='ocrx_word' id='word_1_114' title='bbox 1145 3498 1176 3556; x_wconf 88' lang='grc' dir='ltr'><strong><em>Σ</em></strong></span> <span class='ocrx_word' id='word_1_115' title='bbox 1189 3507 1215 3548; x_wconf 79' lang='lat'><strong><em>15</em></strong></span> 
     </span>
    </p>
   </div>
   <div class='ocr_carea' id='block_1_6' title="bbox 39 3574 85 3584">
    <p class='ocr_par' dir='ltr' id='par_1_8' title="bbox 39 3574 85 3584">
     <span class='ocr_line' id='line_1_17' title="bbox 39 3574 85 3584; baseline -0.022 0"><span class='ocrx_word' id='word_1_116' title='bbox 39 3574 85 3584; x_wconf 50' lang='lat' dir='ltr'><strong><em>A..</em></strong></span> 
     </span>
    </p>
   </div>
   <div class='ocr_carea' id='block_1_7' title="bbox 0 0 1313 3892">
    <p class='ocr_par' dir='ltr' id='par_1_9' title="bbox 0 0 1313 3892">
     <span class='ocr_line' id='line_1_18' title="bbox 0 0 1313 3892; baseline 0 0"><span class='ocrx_word' id='word_1_117' title='bbox 0 0 1313 3892; x_wconf 95' lang='lat' dir='ltr'><strong><em> </em></strong></span> 
     </span>
    </p>
   </div>
  </div>
 </body>
</html>
