2574 3918
129 194 198 258 474
279 197 450 249 ΡΗΠιΟΝΙΒ
467 198 517 249 DE
535 197 695 250 mannus
713 196 995 252 SPIRJTUALIBUS.

598 427 671 494 vn

196 567 286 656 Ignis
321 577 448 656 quoque
482 575 598 636 natura
631 571 697 636 aeri
732 570 970 653 commiscetur,
1006 574 1038 634 et
1069 569 1149 634 ideo

128 681 184 740 air
201 698 275 742 cum
294 698 331 741 eo
351 677 533 762 attrahitur,
551 680 589 741 ut
612 698 651 741 ex
675 676 817 742 dicendis
839 676 946 761 palam
969 676 1038 740 erit.
1085 677 1149 741 fiat

128 782 238 869 itaque
262 783 329 867 pila
351 783 502 867 plumbea
529 804 629 848 vacua
656 783 744 848 intus
772 787 804 848 et
831 803 944 867 capax,
971 781 1147 848 mediocris

128 889 164 952 in
182 889 415 975 magnitudine,
432 911 492 954 nec
509 888 607 954 nimis
626 889 669 953 sit
687 889 804 974 tenuis,
821 910 862 953 ne
880 889 945 953 cito
964 888 1145 975 frangatur,
1177 908 1193 949 a
1278 866 1280 884 ¹

129 1015 188 1059 nec
207 995 250 1059 sit
268 993 456 1080 ponderosa,
480 995 536 1059 sed
557 995 638 1060 bene
662 996 754 1079 sicca,
776 999 814 1059 ut
836 994 951 1060 melius
974 995 1031 1059 fiat
1055 995 1146 1080 quod

128 1100 287 1165 volumus.
332 1100 446 1165 deinde
469 1101 651 1186 perforetur
678 1102 713 1166 in
743 1123 870 1167 summo
903 1105 935 1165 et
967 1101 1146 1185 inponatur

126 1206 249 1272 canalis
259 1227 376 1272 curvus
386 1207 580 1273 descendens
594 1209 660 1272 fere
674 1230 776 1293 usque
790 1207 830 1271 ad
844 1205 988 1291 fundum,
1002 1211 1145 1291 ponatur

126 1312 227 1377 etiam
241 1313 329 1378 aliud
338 1319 435 1398 caput
444 1314 564 1380 canalis
579 1314 722 1379 eiusdem
736 1314 771 1378 in
780 1335 854 1379 vase
869 1313 933 1378 alio
948 1335 1030 1399 aqua
1043 1312 1141 1397 pleno

125 1419 194 1484 fere
207 1420 248 1484 ad
258 1420 393 1486 fundum

127 1532 165 1592 ut
182 1528 217 1592 in
230 1529 341 1613 priori,
359 1533 396 1593 ut

128 1635 243 1699 melius
285 1635 397 1699 effluat

127 1762 218 1826 aqua.
234 1740 340 1826 sitque
349 1742 396 1826 pi-

127 1847 159 1910 la
172 1848 213 1933 A,
226 1847 347 1914 canalis
356 1849 396 1932 B,

125 1976 182 2018 vas
227 1954 265 2020 G.
325 1955 396 2020 dico
525 2022 537 2029 Κ

125 2061 228 2145 igitur
255 2061 341 2147 quod
368 2062 397 2126 si

126 2167 316 2249 opposueris
347 2167 394 2250 pi-

126 2270 191 2335 lam
208 2271 278 2355 soli,
298 2293 395 2356 quan-

127 2376 168 2440 do
196 2377 349 2443 calefacta
375 2379 487 2464 fuerit,
514 2383 604 2443 extra
631 2377 732 2442 exibit
759 2399 834 2461 pars
862 2377 944 2441 aeris
968 2376 1083 2441 inclusi
1106 2377 1142 2440 in

125 2483 239 2548 canali.
285 2488 317 2548 et
345 2486 407 2550 hoc
434 2485 519 2550 visui
542 2483 680 2569 patebit,
708 2485 783 2568 quia
806 2489 859 2548 aer
882 2482 974 2548 cadet
996 2505 1015 2546 a
1037 2483 1141 2547 canali
1154 2502 1184 2544 so

126 2590 162 2653 in
189 2612 305 2676 aquam
333 2596 365 2656 et
392 2591 541 2655 miscebit
570 2612 640 2654 eam
666 2594 698 2654 et
720 2590 816 2655 faciet
839 2589 998 2674 ampullas
1020 2588 1140 2654 multas

127 2718 224 2760 unam
238 2701 313 2781 post
327 2696 432 2761 aliam.
470 2697 498 2762 si
519 2718 594 2761 vero
613 2697 756 2781 reposita
773 2696 872 2761 fuerit
889 2695 957 2780 pila
974 2695 1009 2760 in
1026 2695 1141 2759 umbra

127 2803 178 2867 vel
201 2803 383 2888 ubicunque
405 2803 514 2868 radius
537 2803 616 2868 solis
638 2826 704 2868 non
727 2804 863 2889 affuerit,
886 2803 1034 2868 ascendet
1056 2824 1141 2887 aqua

127 2933 184 2995 per
207 2911 358 2995 canalem,
381 2910 482 2975 donec
505 2909 675 2975 descendat
698 2911 732 2974 in
754 2910 863 2995 pilam.
908 2914 1020 2994 postea
1042 2909 1071 2974 si
1093 2930 1141 2973 re-

71 3017 273 3102 seposueris
292 3018 326 3082 in
347 3017 423 3103 sole,
442 3021 620 3082 revertetur
638 3039 720 3102 aqua
738 3017 773 3080 in
790 3038 846 3081 vas
865 3015 954 3101 illud,
969 3014 972 3103 l
987 3019 1019 3080 et
1037 3015 1140 3080 adhuc
1154 3032 1182 3074 2⁵

128 3125 155 3188 si
179 3146 195 3188 e
219 3145 382 3208 converso,
405 3127 437 3188 et
456 3123 735 3208 quocienscunque
753 3121 928 3207 iteraveris,
951 3122 997 3186 ita
1015 3143 1141 3206 semper

126 3231 300 3317 continget.
337 3230 389 3297 vel
403 3229 431 3295 si
445 3230 542 3294 etiam
556 3230 656 3314 pilam
671 3251 744 3294 cum
758 3229 833 3314 igne
846 3228 1036 3313 calefeceris,
1055 3227 1141 3292 idem

199 3497 232 3545 23
247 3491 333 3546 solius
347 3493 428 3547 Rcsic'
441 3493 529 3548 errori
541 3493 692 3562 typothetae
704 3491 763 3546 sinc
777 3491 860 3546 dubio
874 3493 982 3547 debetw
1034 3495 1140 3544 25-26

145 3561 267 3614 tadhuc
286 3562 310 3616 si
329 3578 492 3616 econverso
511 3569 635 3630 suspecta
