2608 3880
145 159 187 222 12
264 159 413 212 ΗΡΩΝΟΣ
432 157 700 217 ΑΛΕΞΑΝΔΡΕΩΣ
718 159 987 211 ΠΝΕΤΜΑΤΙΚΩΝ
1004 161 1035 211 Δ.

141 321 245 386 αὐτοῦ
266 322 373 386 πάντα
391 318 446 384 καὶ
465 321 669 405 μεταβάλλει,
694 318 729 385 ἐκ
747 320 875 384 τούτων
893 322 1005 403 δῆλον.
1046 317 1101 384 καὶ
1120 319 1156 384 ἐκ

141 438 209 492 τῶν
244 427 502 511 ἀναθυμιάσεων
536 423 574 491 δὲ
603 437 670 491 τῶν
700 425 764 490 ἀπὸ
794 435 852 509 τῆς
881 435 941 509 γῆς
970 425 1156 510 γινομένων

140 535 335 618 μεταβάλλει
362 535 402 599 τά
430 535 598 620 παχύτερα
620 544 688 598 τῶν
711 533 871 617 σωμάτων
894 534 941 610 εἰς
964 538 1156 617 λεπτομερε-

143 638 258 726 στέρας
281 639 411 716 οὐσίας·
435 642 469 705 αἱ
492 633 554 725 γάρ
579 641 695 726 δρόσοι
718 638 779 704 οὐκ
802 640 909 716 άλλως
933 638 1156 724 ἀναφέρονται

142 744 162 828 ἢ
191 745 437 831 λεπτυνομένου
466 755 527 811 τοῦ
556 745 594 810 ἐν
620 754 658 830 τῇ
689 755 730 831 γῇ
760 745 882 822 ὕδατος
907 745 974 810 ὑπὸ
997 754 1054 829 τῆς
1077 745 1156 810 ἀνα·
1183 763 1198 803 ⁵

141 853 345 936 θυμιάσεως·
365 850 446 934 αὕτη
466 847 503 916 δὲ
515 850 581 915 ὑπὸ
595 851 772 936 πυρώδους
785 851 876 928 τινὸς
890 851 1005 926 οὐσίας
1019 854 1156 934 γίνεται,

67 956 69 959 ’
142 965 203 1023 τοῦ
231 956 330 1040 ἡλίου
356 957 421 1022 ὑπὸ
451 965 515 1040 γῆν
542 958 637 1033 ὄντος
659 954 715 1020 καὶ
737 960 979 1042 θερμαίνοντος
1001 958 1060 1021 τὸν
1082 954 1151 1021 κατ’

144 1061 250 1128 έκεῖνο
277 1065 395 1147 τόπον,
422 1060 477 1127 καὶ
507 1067 633 1147 μᾶλλον
659 1065 733 1146 ἤτοι
759 1063 886 1147 θειώδη
913 1062 933 1146 ἢ
957 1063 1155 1146 ἀσφαλτάὸη

144 1171 239 1253 ὄντα,
266 1169 303 1246 ὃς
329 1171 592 1255 θερμαινόμενος
619 1167 672 1233 ἐπὶ
698 1173 815 1234 πλεῖον
841 1169 902 1252 τὴν
929 1168 1157 1253 ἀναθυμίασιν

143 1286 244 1341 ποιεί·
267 1273 323 1340 καὶ
345 1277 385 1340 τά
407 1277 517 1361 θερμά
540 1272 577 1340 δὲ
600 1287 667 1340 τῶν
684 1275 818 1340 ὑδάτων
835 1278 876 1340 τά
894 1274 932 1340 ἐν
949 1285 988 1362 τῇ
1007 1285 1048 1361 νῇ
1068 1275 1157 1361 εὑρι-
1170 1295 1199 1336 ιο

144 1385 287 1467 σκόμενα
310 1381 346 1447 ἐκ
368 1391 426 1466 τῆς
449 1381 549 1464 αὐτῆς
572 1382 678 1458 αἰτίας
691 1385 826 1464 γίνεται.
859 1393 927 1446 τῶν
945 1377 1007 1447 οὖν
1026 1383 1158 1468 δρόσων

144 1489 185 1552 τά
207 1485 269 1572 μὲν
291 1490 470 1572 λεπτότερα
491 1489 537 1563 εἰς
555 1485 636 1572 ἀέρα
654 1487 859 1571 μεταβάλλει,
877 1489 918 1552 τά
937 1484 974 1552 δὲ
991 1489 1158 1573 παχύτερα

146 1594 199 1659 ἐπὶ
222 1595 329 1659 ποσὸν
352 1591 637 1677 συνανενεχθέντα
661 1593 717 1657 διά
739 1593 800 1676 τὴν
822 1601 880 1676 τῆς
903 1593 1158 1678 ἀναθυμιάσεως

145 1703 238 1784 βίαν,
268 1699 387 1781 ταύτης
415 1697 639 1783 ἀποψυχείσης
664 1699 747 1763 κατά
773 1697 834 1780 τὴν
861 1708 921 1764 τοῦ
943 1699 1041 1783 ἡλίου
1063 1724 1157 1786 μετα-

146 1805 273 1891 τροπὴν
303 1805 406 1870 πάλιν
437 1805 485 1882 εἰς
515 1806 576 1869 τὸν
606 1805 693 1870 κάτω
726 1802 861 1890 φέρεται
888 1809 999 1872 τόπον.
1040 1805 1095 1874 καὶ
1117 1809 1157 1872 τά
1173 1826 1200 1867 15

146 1911 317 1996 πνεύματα
349 1908 387 1976 δὲ
419 1909 454 1976 ἐκ
487 1912 635 1997 σφοδρᾶς
658 1910 912 1996 ἀναθυμιάσεως
934 1912 1074 1998 γίνεται,
1097 1923 1157 1979 τοῦ

146 2017 243 2105 ἀέρος
267 2016 499 2103 ἐξωθουμένου
521 2014 576 2081 καὶ
600 2017 847 2102 λεπτυνομένου
864 2017 920 2083 καὶ
939 2018 990 2085 ἀεὶ
1008 2022 1068 2085 τὸν
1086 2019 1158 2103 ἑξῆς

145 2122 201 2190 καὶ
238 2133 359 2209 συνεχῆ
396 2124 485 2211 αὐτῷ
521 2109 708 2199 κινοῦντος·
739 2123 760 2207 ἡ
793 2123 905 2208 μέντοι
937 2129 1066 2209 κίνησις
1097 2135 1157 2192 τοῦ

146 2231 242 2317 ἀέρος
272 2231 313 2296 οὐ
342 2233 424 2295 κατὰ
455 2230 562 2294 πάντα
598 2232 701 2294 τόπον
734 2231 885 2315 λσοταχὴς
914 2236 1051 2316 γίνεται,
1075 2231 1158 2298 ἀλλά

147 2335 356 2423 σφοδροτέρα
377 2333 439 2421 μὲν
456 2335 532 2422 παρ’
556 2335 661 2420 αὐτὴν
678 2337 739 2420 τὴν
757 2336 995 2423 ἀναθυμίασιν,
1014 2339 1158 2424 ἀμαυρο-
1173 2357 1201 2398 20

146 2442 225 2528 τέρα
252 2439 289 2507 δὲ
312 2450 541 2529 μακρυνθεῖσα
570 2451 630 2507 τοῦ
657 2445 777 2527 τόπου,
806 2442 883 2508 καθ’
911 2444 951 2510 ὃν
979 2441 1158 2529 κεκίνηται,

146 2550 298 2635 καθάπερ
312 2547 368 2614 καὶ
382 2547 435 2613 ἐπὶ
447 2559 514 2614 τῶν
524 2550 592 2613 ἀνω
603 2546 798 2635 φερομένων
806 2553 928 2636 βαρῶν.
951 2550 1085 2637 φέρεται
1094 2552 1157 2636 γάρ

147 2655 202 2721 καί
224 2665 328 2722 ταῦτα
349 2655 464 2740 τάχιον
487 2651 548 2738 μὲν
570 2657 651 2721 κατὰ
673 2656 733 2720 τὸν
756 2661 990 2740 συνεγγίζοντα
1008 2665 1053 2744 τῷ
1071 2658 1157 2722 κάτω

147 2765 261 2847 τόπον,
279 2762 363 2847 πρὸς
381 2762 421 2826 ὅν
440 2760 508 2827 ἐστι
526 2759 581 2826 καὶ
599 2761 619 2846 ἡ
639 2761 887 2829 ἀποστέλλουσα
905 2763 988 2829 αὐτὰ
1007 2764 1158 2847 δύναμις,

215 2923 235 2970 a
266 2911 396 2969 20-24
429 2905 612 2990 ἀμαυροτίροι
644 2955 681 2968 ..
706 2955 712 2967 .
746 2907 873 2986 δύναμις
896 2903 985 2968 =b
1015 2911 1199 2969 26—29225

148 2995 333 3080 ἀμυδροτίρα
360 2993 392 3058 δὲ
419 2993 570 3078 ἀπώτερον
597 2997 733 3077 καθάπερ
760 2995 811 3058 καὶ
833 2995 961 3058 ἐπὶτῶν
984 2994 1046 3059 ἀνω
1070 3019 1158 3079 φερο-

149 3086 247 3167 μένων
279 3089 387 3167 βαρῶν.
437 3082 555 3165 φέρεται
585 3085 640 3168 γὰρ
673 3095 764 3146 ταῦτα
795 3085 894 3165 τάχιον
927 3081 980 3164 μὲν
1007 3086 1086 3146 τιατά
1107 3085 1159 3147 τὸν

148 3176 356 3258 συνεγγίζοντοι
378 3179 418 3258 τῷ
441 3173 519 3235 κάτω
542 3172 648 3253 τόπον,
671 3172 745 3256 πρὸς
767 3172 802 3235 ὅν
825 3173 885 3234 ἔστι
907 3173 957 3235 καί
978 3170 998 3254 ἡ
1022 3173 1159 3237 ἀποστέλ-

147 3269 240 3326 λουσα
262 3263 336 3326 αὐτὰ
359 3264 495 3343 δύναμις.

221 3449 453 3578 θρενομίνωνΤ
508 3457 577 3504 2-3
596 3447 762 3574 γινρριένων
784 3453 871 3523 μετοιβ
855 3451 948 3523 βάλλει
967 3451 1063 3581 (γὰρ)
1081 3453 1159 3507 Diels

185 3529 219 3578 10
239 3523 273 3576 τά
292 3519 428 3594 (εοεοέν)
448 3522 547 3592 οω.,Τ
566 3538 634 3575 corr.
681 3539 736 3591 mg.
793 3527 826 3576 13
843 3526 1034 3594 συνανενεχθί
1035 3545 1086 3580 ντα
1101 3525 1157 3582 aC:
