2594 3892
139 133 203 198 146
257 135 408 188 ΗΡΩΝΟΣ
425 130 692 194 ΑΛΕΞΑΝΔΡΕΩΣ
711 135 980 188 ΠΝΕΤΜΑΤΙΚΩΝ
999 137 1031 187 Α.

137 299 298 381 στόματος
325 298 460 362 διάσδω
491 296 601 379 σωλήν
623 295 642 362 ὁ
665 299 774 360 ΕΖΗ
792 294 903 381 φέρων
926 297 973 372 εἰς
995 297 1033 361 τὸ
1057 293 1153 372 ε’ντὸς

136 412 194 486 τῆς
216 403 356 488 βάσεως,
378 401 434 468 καλ
455 406 607 486 τεθείσης
630 400 788 486 ἀκινήτου
810 412 868 486 τῆς
890 403 1015 486 βάσεως
1037 425 1151 488 τετρυ-

137 510 256 592 τιήσθω
289 509 306 575 ὁ
339 512 447 574 ΕΖΗ
474 511 585 593 σωλήν
613 508 634 575 Ιὁ
667 510 723 574 διὰ
750 517 810 574 τοῦ
842 507 927 596 ζῴου
957 515 1063 596 λεπτῷ
1095 505 1152 573 κοιλ

138 617 359 704 δυσθεωρήτῳ
382 617 568 702 τρυπήματι
593 617 658 702 Ῠτῳ
672 620 705 680 Ε
723 613 862 704 κειμένῳ
884 616 967 700 πρὸς
990 616 1153 700 διαβήτην

136 729 183 810 τῷ
220 726 259 787 Η
290 725 422 810 στομίῳ.
480 721 539 788 ἐὰν
575 717 638 788 οὖν
673 745 723 798 τις
756 723 915 808 πληρώση
952 722 1013 787 τὸν
1047 725 1156 786 ΕΖΗ
1173 712 1192 780 ἰ

138 831 299 913 διαβήτην
325 830 448 905 ὕδατος
474 829 531 894 διά
557 853 648 904 τινος
669 828 836 914 μετεώρου
858 833 1022 912 σωλήνος,
1049 823 1091 894 οὗ
1113 829 1151 893 τὸ

138 936 243 1020 ἀκρον
264 938 456 1022 πρόσκειται
478 936 542 1022 τῳλ
561 939 600 1018 Ε,
618 945 711 1019 μενεῖ
727 938 854 1022 πλήρης
871 935 994 1012 ὕδατος
1012 934 1030 1000 ὁ
1048 935 1157 1000 ΕΖΗ

139 1025 296 1124 διαβήτης
328 1042 384 1106 διά
416 1042 453 1105 τὸ
484 1039 518 1119 ,ἐξ
551 1047 627 1107 ίσου
655 1048 788 1108 κεῖσθαι
820 1043 860 1106 τά
893 1044 1011 1126 στόμια
1038 1040 1152 1106 αὐτοῦ.

140 1146 220 1212 ὅταν
252 1142 314 1213 οὖν
346 1147 617 1234 προσενέγκωμεν
642 1155 689 1235 τῳ
716 1153 748 1213 Ε
774 1150 897 1236 στομίῳ
924 1149 962 1213 τὸ
990 1151 1152 1234 ποτήριον

139 1252 194 1319 καὶ
221 1257 389 1341 βαπτισθή
417 1279 449 1321 τι
476 1253 575 1341 μέρος
601 1264 662 1323 τοῦ
686 1258 838 1339 στομίου,
868 1257 1069 1340 συμβήσεται
1091 1261 1152 1319 τοῦ
1167 1273 1193 1313 ιο

139 1363 246 1425 ΕΖΗ
265 1361 424 1446 διαβήτου
447 1362 484 1428 τὸ
506 1363 590 1446 πρὸς
612 1369 658 1448 τῷ
673 1365 712 1426 Η
729 1366 838 1450 ηιῶλον
855 1365 967 1446 μεῖζον
985 1360 1152 1445 γενέσθαι.

139 1465 194 1532 καὶ
222 1469 279 1532 διά
306 1476 405 1533 τοῦτο
433 1468 646 1534 ἐπισπάσεται
672 1468 710 1534 τὸ
737 1468 857 1553 ὑγρόν·
883 1469 920 1532 τὸ
952 1464 989 1532 δὲ
1011 1467 1152 1532 ἐπισπώ-

139 1597 242 1658 μενον
264 1573 400 1658 ῳέρεται
423 1576 470 1650 είς
492 1574 554 1658 τήν
573 1577 707 1639 ΑΒΓΔ
728 1575 836 1657 βάσιν.
881 1573 942 1639 οὐκ
965 1573 1091 1656 ἀνάγκη
1114 1567 1152 1636 δὲ

139 1681 200 1763 τήν
233 1682 365 1745 ΑΒΓΔ
396 1680 496 1764 βάσιν
531 1688 692 1764 στεγνοῠν
726 1678 780 1745 ἐπὶ
811 1679 931 1763 ταύτης
965 1689 1023 1764 τῆς
1054 1703 1151 1744 κατα-

13 1773 16 1778 ’
140 1794 267 1868 σκευῆς.
1166 1804 1194 1846 ιο

207 1927 227 1972 a
253 1914 359 1973 1-15
387 1913 509 1975 διώσθοι
609 1922 662 1993 τής
689 1923 869 1994 κατασκευῆς
894 1939 936 1964 ==
959 1910 982 1974 λ)
1009 1917 1153 1976 17-29:

142 2001 263 2063 διάσθοι
286 2000 384 2080 σωλήν
408 2000 423 2062 δ
446 2005 547 2063 ΕΖΗ
565 2000 614 2062 διά
637 2011 690 2063 τοῦ
713 2001 796 2076 ἐντὸς
818 2012 870 2082 τῆς
893 2004 1007 2082 βάσεως
1029 2002 1152 2084 εἰσερχό-

142 2113 231 2171 μενος
256 2090 307 2152 κνλ
329 2089 411 2164 ἐκτὸς
433 2089 530 2172 λήγων
553 2091 595 2164 είς
617 2090 748 2169 κρουνὸν
770 2090 822 2153 τὸν
845 2095 881 2151 Η
898 2093 1027 2154 κλειδίον
1049 2091 1152 2172 ἔχοντα

144 2179 174 2241 ιδ
197 2180 380 2259 καλούμενον
403 2179 483 2259 πνρά
504 2186 566 2253 τοῖς
588 2184 708 2253 πολλοῖς
731 2177 888 2242 ἐπιτόνιον.
926 2180 997 2241 ὅταν
1020 2172 1152 2242 οὖντοῦ

142 2272 242 2329 ΕΖΗ
268 2274 399 2349 σωλήνος
427 2267 685 2349 διαπεφραγμένου
713 2265 798 2341 ὄντος
825 2275 866 2354 τῷ
893 2270 1008 2356 κλειδίῳ
1035 2267 1150 2351 πληρά-
1166 2283 1194 2324 ²0

143 2374 239 2437 σωμεν
266 2355 357 2418 αὐτὸν
384 2357 492 2430 ὕδατος
520 2358 570 2418 διά
596 2379 676 2429 τινος
704 2357 843 2437 χωνιδίου
870 2357 944 2418 κατὰ
968 2366 1021 2438 τής
1044 2359 1153 2440 ῥάχεως

142 2455 195 2507 τοῦ
223 2445 330 2532 ζῳδίου
357 2444 494 2526 κειμένου
519 2455 571 2507 τοῦ
598 2447 671 2524 ΘΚ,
698 2439 759 2506 εἶτα
782 2446 990 2526 διαῳράξωμεν
1013 2446 1153 2524 ἀσφαλῶς

141 2533 195 2595 τὸν
216 2543 270 2596 τοῦ
292 2535 431 2615 χωνιδίον
454 2533 565 2596 καυλδν
587 2534 629 2607 εἰς
651 2533 684 2595 τὸ
707 2533 747 2614 μή
771 2534 922 2596 δύνασθαι
944 2533 1015 2617 ἀέρα
1033 2551 1153 2617 παρεισ-

143 2629 274 2704 αχθήναι
304 2623 346 2696 είς
376 2622 429 2684 τδν
453 2626 554 2684 ΕΖΗ
581 2627 713 2703 σωλήνα,
744 2621 990 2705 προσενεχθέντος
1017 2622 1072 2705 μὲν
1099 2632 1152 2686 τοῦ

143 2711 285 2793 ποτηρίου
307 2716 347 2796 τῷ
371 2715 400 2772 Ε
422 2711 541 2792 στόματι
562 2721 615 2773 τοῦ
639 2707 726 2798 ζῳου,
749 2709 970 2794 ἀναῳραγίντος
994 2711 1025 2774 δὲ
1048 2723 1102 2775 τοῦ
1121 2715 1158 2772 H
1167 2725 1195 2768 ¹5

142 2809 274 2880 κρουνοῦ
303 2799 352 2861 καλ
379 2798 545 2882 ἀρξαμένου
573 2801 634 2882 δεῖν
662 2810 715 2862 τοῦ
742 2799 835 2883 ὑγροῦ
864 2802 1109 2863 συνεπισπάσεται
1136 2798 1152 2861 δ

144 2887 241 2968 σωλήν
265 2887 315 2949 διά
336 2898 389 2951 τοῦ
408 2893 437 2949 Ε
459 2891 581 2970 στομίου
601 2888 701 2951 καὶτὸ
720 2887 753 2951 ἐν
773 2895 813 2975 τῷ
831 2891 962 2976 ποτηρίῳ
980 2889 1084 2970 δγρδν,
1101 2887 1154 2950 καλ
1188 2912 1190 2917 ·

144 2977 222 3052 δόξει
243 2979 341 3039 πίνειν
363 2977 395 3039 τδ
419 2979 504 3063 ζῷον.
544 2977 600 3041 οάκ
622 2975 737 3060 ἀνάγκη
761 2973 788 3039 δ’
805 2976 939 3039 ἐνταῦθα
956 2977 1012 3057 τήν
1030 2979 1154 3038 ΑΒΓΔ

144 3066 232 3148 βάσιν
254 3075 403 3148 στεγνοῦν.

214 3259 228 3308 1
252 3255 283 3310 τὸ
302 3253 369 3311 AG:
392 3255 427 3310 τά
444 3255 467 3308 Τ
552 3261 622 3310 4-5
645 3259 659 3308 †
679 3255 698 3310 f.
717 3252 875 3327 τρυπήματι
897 3260 935 3327 τῷ
955 3257 992 3322 Θ,
1015 3251 1152 3325 κειμένων

144 3322 195 3400 (ἐξ
218 3328 279 3382 ίσου
302 3326 379 3400 τῶν)
398 3327 467 3396 πρὸς
484 3332 522 3399 τῷ
540 3329 565 3381 Ε
584 3326 675 3400 (καὶ)
692 3332 730 3399 τῷ
749 3329 779 3380 Η
795 3327 914 3396 πορίων
933 3329 996 3396 (vox
1013 3325 1152 3399 διαβήτην

143 3431 177 3470 ex
194 3414 243 3470 σε.
258 3421 274 3469 ο
292 3414 416 3488 irrepsit)
517 3420 574 3472 με
593 3421 631 3487 τῳ
650 3413 728 3487 QT:
746 3414 778 3470 ιο
796 3413 861 3488 εσ1
967 3421 1065 3472 m:
1086 3402 1155 3470 οΜ

98 3528 155 3540 ·
179 3492 310 3577 ἦῖ-ξβΤ
388 3504 514 3577 ἵτῷΤι
536 3502 641 3559 τδΑίά
720 3503 851 3559 §eodda
873 3503 952 3574 EO,
975 3503 990 3559 ὃ
1013 3505 1156 3576 μετὰτὴθ
