2598 3886
141 171 186 236 94
259 173 410 228 ΗΡΩΝΟΣ
428 171 693 231 ΑΛΕΞΑΝΔΡΕΩΣ
712 172 980 226 ΠΝΕΤΜΑΤΙΚΩΝ
998 174 1029 226 Δ.

140 329 246 417 οὖνὴ
269 333 371 418 γλαὺξ
395 332 627 420 ἐπιστρέφηται
649 332 704 399 καὶ
726 332 981 420 ἀποστρέφηται,
1003 334 1047 410 ὡς
1069 355 1151 420 προ·

140 443 278 527 είρηται,
295 441 629 526 προκατασκευάζεται
649 441 689 505 τά
703 439 864 525 μέλλοντα
878 438 1047 524 λέγεσθαι·
1066 443 1149 505 ἔστω

138 548 203 633 γάρ
236 544 292 610 ἐπί
318 570 410 624 τινος
441 547 566 631 βάσεως
601 554 659 630 τῆς
681 550 726 611 Μ
749 545 838 625 άξων
864 547 1011 631 βεβηκὼς
1041 546 1058 612 ὁ
1086 545 1152 620 ΝΞ

140 652 204 720 άπὸ
230 655 353 739 τόρνον
375 651 598 738 εἰργασμένος,
620 651 696 739 περὶ
719 651 759 717 ὃν
780 655 980 739 περικείσθω
1003 651 1150 738 άρμοστη

141 759 256 846 σύριγξ
284 759 304 842 η
329 763 401 822 ΟΠ
420 759 564 836 εὐλύτως
587 757 755 843 δυναμένη
777 757 852 845 περὶ
883 758 985 824 αὐτὸν
1014 756 1149 844 στρέφε·
1176 775 1191 816 ⁵

141 873 236 931 σθαι·
268 865 371 951 ταύτη
399 862 437 929 δὲ
459 861 609 950 συμφυές
632 867 714 930 ἔστω
737 866 923 950 τυμπάνων
941 865 978 929 τὸ
993 868 1072 948 ΡΣ,
1095 861 1144 947 ἐφ’

140 963 168 1059 93
190 970 378 1056 ἐπιβησεται
399 969 420 1054 ἡ
443 969 546 1054 γλαὺξ
570 972 724 1056 συμφυὴς
742 971 831 1059 αὐτῷ
848 971 1055 1058 ὑπάρχουσα·
1072 967 1150 1056 περὶ

140 1075 177 1144 δέ
204 1079 266 1162 τὴν
289 1082 362 1142 ΟΠ
387 1077 529 1163 σύριγγα
556 1078 619 1142 δύο
646 1077 779 1154 ἁλύσεις
808 1076 862 1143 ἐπὶ
884 1076 1042 1142 τάναντία
1065 1074 1150 1141 ἐπει-

140 1189 293 1269 ληθεῑσαι
316 1185 350 1249 αἱ
373 1188 444 1268 Tr,
465 1188 536 1249 ΦΧ
554 1184 610 1249 διά
627 1186 770 1270 τροχίων
788 1185 851 1250 δύο
869 1181 1149 1249 άποὸεὸέσθωσαν

139 1290 160 1373 ἡ
187 1287 255 1384 μὲν
280 1293 343 1354 ΤΥ
366 1292 413 1366 εἰς
440 1291 542 1376 βάρος
569 1288 811 1376 ἐκκρεμάμενον
836 1291 873 1355 τὸ
902 1295 946 1374 Ψ,
976 1285 1057 1373 ἡδὲ
1083 1292 1152 1354 ΦΧ
1164 1311 1191 1351 ιο

139 1398 186 1473 είς
213 1402 328 1463 κοῖλον
350 1395 485 1481 άγγείον
506 1393 544 1462 τὸ
567 1399 601 1460 Ω
623 1397 843 1482 ὑποκείμενον
864 1404 910 1482 τῷ
935 1399 1007 1460 ΖΗ
1025 1386 1159 1480 σίφωνι

139 1503 160 1587 ἣ
187 1510 313 1590 πνικτῷ
341 1504 487 1590 ὃιαβητη.
542 1504 742 1588 συμβήσεται
770 1498 833 1567 οὖν
858 1500 1061 1587 κενουμένου
1087 1509 1148 1566 τοῦ

140 1614 273 1675 ΒΓΔΕ
293 1608 428 1692 ἀγγείου
450 1606 487 1675 τὸ
510 1606 617 1695 ὑγρὸν
639 1607 801 1694 φέρεσθαι
829 1609 875 1684 είς
897 1606 934 1672 τὸ
958 1610 991 1671 Ω
1013 1607 1149 1691 ἀγγεῖον

139 1714 194 1781 καί
213 1712 469 1801 ἐπιστρέφεσθαι
487 1716 549 1798 την
566 1738 600 1779 τε
616 1718 686 1778 ΟΠ
703 1715 844 1800 σύριγγα
861 1712 916 1779 καλ
933 1715 995 1798 την
1010 1719 1147 1797 γλαῦκα,

140 1856 333 1940 φθέγγεσθαι.
374 1859 424 1919 ἵνα
447 1850 502 1920 οὖν
524 1856 731 1941 ἐπιστρέφομαι
752 1855 772 1938 ἡ
790 1859 880 1940 γλαὺξ
898 1859 948 1921 καλ
965 1860 1054 1921 πάλιν
1073 1857 1147 1920 ἀπο·
1162 1874 1188 1915 ιε

15 2022 18 2030 μ
140 1945 348 2030 στρέφηται,
330 1971 371 2020 ως
390 1948 566 2030 προείρηται,
590 1946 932 2030 προκατασκευάζεται
903 1970 938 2008 τα
957 1949 1146 2011 συντείνοντα

138 2062 174 2122 τη
205 2037 326 2122 τοιαύτη
353 2034 494 2120 ἐνεργείᾳ·
526 2035 657 2098 ἐστω
625 2061 681 2119 γαρ
708 2034 759 2097 ἐπί
781 2060 863 2109 τινος
889 2037 1001 2118 βάσεως
1027 2046 1080 2116 τῆς
1108 2039 1151 2096 Μ

140 2123 219 2201 ύίξων
247 2099 339 2208 ὀρθὸς
366 2123 499 2206 βεβηκὼς
525 2122 541 2186 ὅ
565 2121 630 2191 ΝΞ
648 2124 751 2186 δάι’
719 2148 826 2206 τορνον
849 2124 1054 2207 εἰργασμένος,
1081 2124 1147 2207 περὶ

140 2210 176 2276 ὃν
208 2213 280 2276 έστω
311 2212 441 2295 άρμοστη
473 2215 574 2296 σύριγξ
560 2210 621 2292 ξὴ
652 2217 717 2276 ΟΠ
744 2213 870 2324 εὐλύτως
903 2213 1053 2295 δυναμένη
1080 2212 1147 2296 περὶ

141 2301 231 2365 αὐτὸν
261 2300 449 2384 στρέφεσθαι
482 2304 573 2389 ταύτη
601 2300 633 2363 δὲ
660 2300 794 2383 συμφυὲς
822 2302 893 2365 ἔστω
920 2305 1086 2384 τυμπάνιον
1113 2301 1145 2364 τὸ
1160 2317 1188 2358 το

139 2395 209 2470 ΡΣ,
236 2386 321 2469 ἐφ’“
306 2413 322 2451 ο
349 2390 519 2472 ἐπιβήσεται
540 2365 563 2470 ἡ
582 2391 672 2472 γλαυξ
697 2390 837 2471 συμφυὴς
859 2391 939 2476 αύτῷ
961 2391 1145 2473 ὑπάρχουσα

140 2478 206 2560 περι
229 2476 261 2540 δὲ
284 2477 338 2558 τὴν
360 2483 425 2542 ΟΠ
443 2480 567 2561 σύριγγα
590 2480 645 2543 δύο
668 2477 785 2553 ἁλύσεις
807 2479 907 2542 ἐπὶ
877 2504 913 2541 τα
930 2480 1050 2542 ἐναντία
1068 2479 1145 2540 έπει-

138 2573 275 2647 ληθεῖσαι
302 2568 336 2629 αἱ
357 2571 427 2646 ΤΥ,
442 2571 518 2635 ΙΦΧ
541 2566 708 2651 φερέτωσαν
736 2569 785 2630 διὰ
807 2592 876 2651 τροχ
876 2571 947 2631 λων
970 2569 1025 2631 δύο
1048 2565 1068 2647 ἡ
1091 2564 1145 2647 μὲν

140 2660 201 2716 ΤΥ
223 2657 265 2729 εἰς
292 2656 383 2738 βάρος
410 2655 625 2738 ἐκκρεμάμενον
652 2657 683 2719 τὸ
709 2661 757 2738 Ψ,
783 2654 803 2736 ἡ
833 2655 865 2719 δὲ
890 2661 956 2717 ΦΧ
975 2658 1016 2729 είς
1039 2661 1145 2719 κοῖλον

139 2743 256 2826 ἀγγεῖον
282 2744 314 2806 τὸ
338 2747 370 2804 Ω
397 2744 592 2825 ὑποκείμενον
620 2752 660 2830 τῷ
682 2750 750 2807 ΖΗ
772 2747 881 2825 σίφωνι
902 2743 923 2826 ἣ
944 2751 1057 2829 πνικτῷ
1081 2744 1144 2805 δια·
1159 2758 1186 2800 τε

139 2833 216 2919 βύτη
235 2832 341 2914 ἔχουσα
358 2833 408 2894 καλ
425 2833 564 2942 βάροςέξ
582 2835 656 2914 ύλης
673 2835 761 2913 φύσει
780 2832 866 2915 μὲνέ
865 2836 974 2916 γούσης
988 2831 1040 2894 άνέ
1027 2833 1145 2914 ἔχεσθαι

139 2921 198 2984 ύπὸ
222 2932 274 2984 τού
297 2922 416 3002 ὕδατος,
437 2946 477 3009 τρι
502 2920 534 2984 δὲ
557 2929 680 3008 σταθμρι
703 2928 800 3008 πολλρι
822 2921 982 3036 βαρυτέρας
1000 2933 1053 2984 τοῦ
1072 2921 1145 2983 κατὰ

139 3035 194 3091 την
218 3015 278 3071 T‘I'
300 3010 405 3072 ἅλυσιν
433 2985 552 3093 βάρους.
598 3013 776 3122 συμβησεται
803 3003 859 3073 οὖν
886 3009 1067 3090 κενουμένου
1092 3020 1145 3072 τοῦ

34 3126 38 3135 ’
138 3103 259 3162 ΒΓΔΕ
287 3097 369 3182 άγγεί
367 3123 403 3163 ου
430 3100 462 3162 τὸ
490 3099 582 3182 ύγρὸν
609 3099 753 3184 φέρεσθαι
780 3101 821 3174 εἰς
847 3100 879 3162 τὸ
902 3101 934 3158 Ω
956 3097 1074 3182 άγγεῑον
1095 3098 1146 3160 καλ

140 3187 384 3270 μετεωριζομένου
410 3198 464 3250 τοῦ
490 3183 554 3250 κατ’
576 3188 646 3251 αὐτὸ
669 3190 781 3271 βάρους
804 3186 980 3271 στρέφεσθαι
1002 3189 1057 3268 την
1083 3191 1149 3249 ΟΠ
1158 3203 1186 3244 80

139 3279 263 3361 σύριγγα
282 3277 331 3338 διὰ
349 3287 402 3340 τοῦ
420 3277 584 3358 καθελκομέ
585 3302 639 3341 νου
657 3283 692 3339 Ψ
706 3279 818 3362 βάρους
833 3277 883 3339 καλ
896 3283 991 3340 ποιεῖν
1005 3275 1145 3339 ἐντεῦθεν

210 3472 226 3520 3
245 3465 264 3522 f.
279 3467 463 3558 <ὀρθῶς>ε
432 3468 463 3541 βε
465 3468 555 3558 βηκὼς
625 3465 840 3558 4είργασμίνος
853 3467 883 3521 Μ
897 3466 941 3538 (cf.
956 3467 1069 3522 Pneum.
1084 3465 1145 3520 142

139 3538 388 3610 άπειργασμὲνην)·
411 3538 620 3610 ηργασμενοςει
693 3532 760 3611 λῷε
784 3536 833 3594 fa
911 3535 1146 3610 8έπειληθεισαι
