2596 3886
153 186 218 251 320
271 189 420 241 muoz
438 184 704 246 ΑΔΕΞΑΝΔΡΕΩΣ
724 188 992 242 ΠΝΕΤΜΑΤΙΚΩΝ
1009 190 1041 240 Β.

151 351 190 414 τὸ
214 350 381 415 δύνασθαι
405 348 563 428 δέξασθαι
586 349 687 435 ὕδωρ.
734 349 833 426 αὐτὸς
856 345 917 416 οὖν
940 349 958 415 ὁ
983 352 1107 434 σωλήν,
1135 341 1163 436 ᾧ

151 454 364 540 ἐπικάθηται,
401 455 581 541 κέκαμπται
612 459 698 541 ἔχων
729 458 942 543 φθογγάριον
973 468 1041 521 τῶν
1072 481 1163 539 γινο-

151 561 262 646 μένων
283 565 367 649 πρὸς
389 563 426 628 τὸ
450 565 509 640 τάς
529 565 643 649 φωνάς
660 566 854 650 παρίεσθαι·
876 561 932 629 καί
949 563 970 646 ἡ
989 562 1164 648 άνακαμπὴ

153 669 314 752 διηκουσα
345 669 439 756 μέχρι
472 679 532 736 τοῦ
563 670 685 746 ὕδατος
717 669 754 735 ἐν
782 677 829 757 τῷ
857 673 1034 757 στρουθίιμ.
1084 670 1164 734 ὅταν

151 771 214 859 μὲν
240 771 303 841 οὖν
325 775 346 858 ἡ
370 776 465 860 φωνὴ
487 785 548 841 τοῦ
570 779 784 861 φθογγαρίου
806 778 907 862 προΐη
931 777 978 852 είς
1000 777 1037 840 τὸ
1060 775 1164 862 ὕδωρ,
1191 797 1204 837 5

152 885 226 946 τότε
252 878 335 966 ἦχον
356 882 530 966 κοσσύφου
552 892 649 948 ποιεί.
693 882 796 947 πάλιν
818 878 855 947 δὲ
878 881 896 947 δ
920 880 1030 968 ἕτερος
1053 884 1164 966 σωλὴν

153 990 220 1072 ἔχει
251 987 306 1053 καὶ
339 987 438 1065 αὐτὸς
470 986 584 1074 ἕτερον
616 993 748 1072 σωλῆνα
780 987 1099 1073 σννεσμηρισμένον,
1136 980 1163 1076 ᾦ

153 1093 351 1179 ἐπικάθηται
376 1096 537 1183 ζῳδάριον
560 1094 839 1180 ἐσχηματισμένον
862 1097 909 1172 είς
937 1099 1085 1181 Τρίτωνα
1107 1093 1163 1160 καί

154 1203 232 1285 ἔχον
254 1201 291 1266 ἐν
312 1209 359 1292 τῷ
383 1205 519 1287 στόματι
543 1204 715 1285 σάλπιγγα.
759 1203 861 1267 πάλιν
884 1198 921 1267 δὲ
944 1202 1043 1278 αὐτὸς
1065 1197 1163 1278 οὗτος

152 1307 172 1372 δ
200 1311 324 1392 σωλήν,
352 1300 380 1396 ᾦ
410 1308 621 1393 ἐπικάθηται,
648 1307 712 1387 ἕξει
739 1310 802 1393 τὴν
827 1309 996 1392 γλωσσίδα
1022 1306 1077 1373 καὶ
1103 1309 1164 1373 τὸν
1177 1329 1203 1369 ιν

153 1415 303 1498 κώδωνα,
326 1417 370 1492 ὡς
393 1417 506 1481 εἰώθει
528 1419 713 1498 γίγνεσθαι.
753 1425 917 1501 προϊοῦσα
940 1410 1002 1480 οὖν
1024 1414 1044 1497 ἡ
1068 1413 1163 1499 ἀτμὶς

153 1519 208 1585 καὶ
241 1534 436 1587 σνναντῶσα
467 1532 506 1608 τῇ
538 1545 573 1587 τε
602 1523 762 1605 γλωσσίδι
788 1520 844 1587 καὶ
871 1503 917 1608 τῷ
944 1521 1075 1587 κώδωνι
1102 1522 1163 1604 τὴν

154 1628 272 1712 φωνην
298 1627 488 1694 ἀποτελέσει
514 1637 572 1713 τῆς
600 1629 787 1711 σάλπιγγος.
832 1631 930 1714 πείρᾳ
953 1623 1015 1693 οὖν
1038 1629 1162 1706 σκεψώ-

152 1741 251 1817 μεθα,
273 1737 352 1799 πότε
375 1731 437 1819 μὲν
458 1736 665 1818 κατάλληλον
686 1737 723 1800 τὸ
747 1744 853 1821 τρῆμα
870 1742 917 1821 τῷ
936 1738 1009 1800 ΜΟ
1028 1740 1162 1818 σωληνι,

152 1842 232 1904 πότε
255 1836 292 1905 δὲ
314 1849 361 1927 τῷ
384 1845 423 1905 Ν
424 1845 468 1925 Π,
491 1844 570 1906 πότε
592 1838 629 1906 δὲ
651 1850 698 1930 τῷ
720 1841 751 1916 Ξ
771 1839 825 1907 ἐπὶ
850 1846 877 1906 Ζ
899 1849 946 1929 τῷ
970 1839 1162 1929 ἐπικειμένῳ
1176 1859 1202 1901 11

155 2003 306 2065 δύνασθαι
325 2003 466 2079 δέξασθαι
484 2004 574 2086 ὕδωρ.
611 2002 700 2078 αὐτὸς
719 2003 751 2066 δὲ
770 2003 786 2066 δ
806 2005 956 2090 σωλήν,ω
942 1993 989 2065 ῗὲ
974 2004 1161 2085 ἕπικάθηται,

153 2093 319 2203 κεκάμφθω
350 2093 424 2174 ἔχων
456 2095 643 2176 φθσγγάριον
672 2103 731 2155 τών
758 2093 922 2175 γινομένων
949 2090 1023 2175 πρὸς
1051 2090 1083 2155 τὸ
1110 2093 1162 2167 τάς

153 2181 258 2258 φωνὰς
290 2182 461 2271 παρίεσθαι
496 2181 546 2243 καλ
577 2180 645 2262 ἡ
629 2182 788 2296 ανακαμπη
821 2182 965 2261 διήκουσα
997 2179 1079 2264 μέχρι
1109 2193 1162 2245 τοῦ

155 2269 263 2343 ὕδατος
284 2269 317 2332 ἒν
335 2294 374 2381 τιρ
361 2273 550 2356 στρουθίιγ.
593 2271 663 2333 ὅταν
682 2263 738 2334 ουν
755 2268 775 2350 η
794 2271 882 2351 φωνὴ
900 2295 953 2332 τον
972 2271 1161 2355 φθογγαρίου

151 2361 243 2444 προίη
270 2360 312 2433 εἰς
339 2357 372 2421 τὸ
400 2360 495 2444 ὕδωρ,
523 2359 585 2421 τότε
613 2353 686 2440 ἦχον
708 2361 863 2439 κοσσύφων
886 2366 971 2422 ποιεῖ.
1017 2361 1105 2421 πάλιν
1129 2357 1202 2420 δὲεο

155 2443 215 2507 δ“
199 2470 294 2528 ετερος
304 2447 419 2556 σωλὴν
446 2447 503 2529 ἔχει
528 2448 579 2510 καλ
606 2445 695 2522 αὐτὸς
722 2447 820 2531 ἕτερον
846 2454 962 2528 σωληνα
986 2465 1162 2530 σννεσμηρι-

153 2526 318 2622 σμένον,ᾧ
341 2535 519 2616 ἐπικάθηται
540 2538 684 2624 ζωδάριον
702 2536 965 2687 ἐσχηματισμένονὸ
968 2538 1009 2611 εἰς
1031 2538 1163 2643 Τρίτωνα

152 2622 256 2704 ἔχοντα
287 2624 319 2686 ἐν
351 2632 391 2686 τώ
423 2625 541 2706 στόματι
572 2626 724 2708 σάλπιγγα.
774 2621 861 2736 οδτρς
889 2623 965 2687 δὲδ
994 2627 1162 2710 σωλην,ω

152 2711 347 2793 ἐπικάθηται,
380 2711 436 2788 εξει
466 2714 522 2794 τὴν
553 2716 705 2828 γλωσσίδα
729 2712 837 2777 καί
810 2739 862 2778 τον
888 2715 1028 2795 κώδωνα,
1059 2713 1163 2787 καθὼς

154 2801 316 2862 είώθειί
284 2804 447 2883 γίγνεσθαι.
497 2813 642 2886 προϊοῦσα
670 2795 725 2866 ουν
752 2802 772 2884 η
802 2803 886 2885 ἀτμίς
912 2804 962 2866 καί
989 2813 1205 2866 συναντώσαλό

154 2899 190 2975 τῇ
217 2913 247 2952 τε
273 2892 411 2973 γλωσσίδα
437 2891 487 2954 καί
498 2899 553 3004 τῷ
576 2894 694 2955 κώδωνι
715 2893 770 2973 τὴν
794 2893 901 2973 φωνὴν
924 2891 1088 2954 ἀποτελέσει
1109 2902 1163 2973 της

155 2979 322 3062 σάλπιγγος.
366 2974 511 3066 πείρα
476 3005 532 3044 ουν
555 2982 739 3063 σκεψόμεθα,
761 2983 830 3045 πότε
853 2981 906 3063 μὲν
928 2983 1108 3061 κατάλληλον
1129 2978 1162 3043 τὸ

154 3069 343 3154 τρύπημα
315 3074 355 3129 τώ
373 3073 416 3130 Μ
420 3074 446 3131 Ο
469 3075 589 3150 σωλῆνι,
611 3071 680 3133 πότε
704 3069 736 3132 δὲ
758 3078 798 3158 τῷ
817 3075 936 3133 ΝΠ..
952 3070 1054 3132 ..καλ
1072 3095 1164 3132 ταντα

227 3252 286 3312 1
266 3281 287 3331 ῳ
311 3275 363 3313 om.
382 3257 408 3312 G
492 3265 508 3312 2
532 3257 602 3329 ἔχων
625 3258 662 3314 G.
690 3258 743 3330 ἔχω
765 3259 818 3313 AT
902 3263 919 3312 3
941 3257 960 3311 f
979 3257 1028 3312 καὶ
1051 3257 1164 3332 (ἔστω)

191 3335 224 3383 12
244 3313 462 3390 τάναντῶσαδι
482 3331 682 3386 τννατῶσαΑ.
702 3329 910 3386 τνναπτῶοαΤ

228 3494 260 3542 17
277 3487 341 3559 ἔχον
351 3488 399 3542 ΟΡ
443 3488 638 3559 ἰωνοοσφδογ
622 3489 692 3560 γγάρ
677 3510 739 3559 ριον
749 3487 851 3543 desinit
860 3489 882 3542 L
928 3485 1164 3570 181καλ<ίιτω>

65 3573 75 3575 “
192 3560 350 3614 25καλο111.
357 3557 404 3613 CP
445 3565 479 3613 26
493 3559 634 3630 καλτηνΡ
675 3559 990 3616 281acunamindicavi
1006 3559 1163 3616 of.alin.16
