2598 3886
147 153 191 222 30
267 161 417 214 ΗΡΩΝΟΣ
435 163 701 220 ΔΛΕΞΔΝΔΡΕΩΣ
719 164 987 217 ΠΝΕἹΜΑΤΙΚΩΝ
1005 163 1036 217 Δ.

146 323 228 386 κατά
252 323 312 406 τὴν
338 321 488 407 εὐθεῖαν,
521 323 572 409 ἐφ’
603 320 642 408 ἧς
669 324 760 390 ἐστιν
786 325 806 408 ἡ
837 328 920 409 ΖΗ,
948 321 1003 389 καὶ
1029 325 1067 390 τὸ
1097 332 1160 388 τοῦ

145 419 322 512 καμπύλου
338 433 484 513 σίφωνος
503 430 616 508 σκέλος
634 433 671 496 τὸ
686 436 752 496 ΑΒ
769 433 1024 517 πληρωθήσεται
1036 426 1159 506 ὕδατος
1245 420 1247 424 ’

146 536 223 620 ἀχρι
246 544 303 625 τῆς
328 539 399 599 ΖΗ
417 535 564 621 εὐθείας,
592 537 740 603 τουτέστι
770 538 806 602 τὸ
829 541 898 601 ΑΘ
920 535 1018 623 μέρος
1040 535 1158 602 αὐτοῦ·
1189 586 1193 596 .

145 641 183 705 τὸ
212 637 249 706 δὲ
279 645 381 707 &BP
402 648 525 729 πλῆρες
552 646 642 709 ἔσται
672 643 777 731 ἀέρος.
802 643 859 709 έάν
882 638 944 709 οὐν
967 643 1023 708 διά
1046 650 1106 707 τοῦ
1130 643 1163 706 Γ
1197 733 1199 738 Α

147 751 285 832 στομίου
326 749 583 834 ἐπισπασώμεθα
624 759 670 837 τῷ
712 753 847 834 στόματι
887 751 947 815 τὸν
983 747 1159 836 εἰρημένον
1187 765 1203 806 ⁵

146 852 241 939 ἀέρα,
269 859 597 939 συνεπακολουθησει
623 854 678 921 καὶ
705 858 742 922 τὸ
765 857 872 942 ὑγρὸν
889 839 949 922 ἀιά
972 857 1009 920 τὸ
1032 856 1077 940 μὴ
1100 855 1159 919 ἀύ-

146 967 283 1045 νασθαι,
306 962 350 1038 ὡς
372 965 575 1048 προείρηται,
603 964 700 1030 κενὸν
724 963 857 1048 ἀθρουν
878 960 1020 1046 ὑπάρξαι
1046 963 1159 1026 τόπον.

145 1063 201 1130 καὶ
234 1067 263 1130 εί
293 1063 355 1151 μὲν
387 1068 423 1132 τὸ
454 1069 487 1132 Γ
515 1070 650 1151 στόμιον
681 1063 742 1133 τοῦ
770 1068 916 1153 σίφωνος
943 1065 992 1132 ἐπ’
1024 1066 1159 1143 εὐθείας

146 1169 215 1236 ε’στὶ
243 1181 282 1258 τῇ
311 1176 392 1257 ΖΗ,
419 1171 608 1259 πληρωθεὶς
635 1183 694 1241 τοῦ
722 1173 843 1250 ὕδατος
874 1172 982 1239 οὐκέτι
1006 1173 1159 1258 ῥεύσειύ

147 1281 266 1364 σι’φων,
289 1279 373 1346 ἀλλά
391 1290 483 1364 μενεῖ
500 1282 639 1366 πλήρης
662 1283 745 1346 ὥστε
763 1281 800 1345 τὸ
819 1283 924 1345 ΑΒΓ
937 1278 1035 1364 μέρος
1054 1279 1159 1344 αὐτοῦ
1174 1297 1202 1336 10

145 1390 384 1472 πεπληρῶσθαι
410 1386 546 1469 ὕδατος,
577 1390 684 1453 καίτοι
715 1388 805 1471 παρά
832 1387 937 1470 φύσιν
969 1387 1070 1468 οὐσης
1101 1393 1160 1468 τῆς

90 1507 131 1548 1⁶⁸
145 1493 193 1568 εἰς
223 1493 260 1557 τὸ
293 1494 361 1557 ἀνω
394 1492 493 1578 μέρος
525 1491 614 1580 αὐτῷ
643 1501 763 1578 φορᾶς·
796 1490 866 1557 ἀλλ’
897 1493 1006 1577 ὥσπερ
1028 1491 1031 1574 Ι
1057 1495 1161 1574 ζυγοῦ

145 1621 236 1674 τινος
269 1599 486 1685 ίσορρόπησιν
517 1600 595 1682 ἕχον
625 1598 662 1662 τὸ
695 1596 787 1681 ὕδωρ
820 1607 912 1681 μενεῖ
942 1598 1011 1662 ἀνω
1039 1620 1074 1661 τε
1103 1620 1160 1681 με-

144 1700 328 1788 τεωρισθὲν
357 1705 438 1769 κατά
468 1704 506 1768 τὸ
541 1706 603 1766 ΘΒ
631 1701 730 1789 μέρος
756 1699 811 1766 καὶ
838 1704 925 1768 κάτω
952 1704 1161 1788 κρεμάμενον

145 1811 226 1874 κατά
259 1810 295 1874 τὸ
324 1812 395 1873 ΒΓ.
427 1808 485 1873 ἐάν
513 1804 549 1873 δέ
576 1808 614 1872 τὸ
642 1807 734 1883 ε’κτὸς
763 1809 899 1892 στόμιον
926 1817 985 1873 τοῦ
1010 1812 1159 1892 σίφωνος
1174 1828 1202 1870 ιο

144 1916 330 2002 κακώτερον
362 1908 380 2002 ᾖ
406 1924 464 1998 της
493 1916 564 1979 ΖΗ
587 1912 735 1996 εὐθείας,
766 1913 875 2000 ὥσπερ
898 1915 935 1979 τὸ
958 1917 1005 1998 Κ,
1029 1913 1096 2000 ῥέει
1120 1917 1159 1980 τὸ

107 2071 111 2079 ,
143 2023 251 2109 ὕδωρ,
283 2021 457 2107 έπειὸηπερ
488 2022 525 2086 τὸ
555 2018 591 2083 έν
622 2028 668 2106 τῷ
694 2022 761 2083 KB
789 2017 880 2104 μέρει
905 2019 1091 2106 βαρύτερον
1119 2021 1161 2086 ὐν

143 2139 204 2195 τοῦ
222 2128 281 2212 (ἐν
299 2130 367 2216 τῷ>
385 2131 414 2191 Β
424 2131 453 2191 Θ
474 2135 669 2211 κατακρατεῑ
686 2121 742 2190 καὶ
766 2122 951 2190 ἐπισπᾶται·
970 2123 1023 2190 έπλ
1041 2137 1161 2192 τοσοῦ-

144 2260 203 2303 τον
235 2233 348 2320 μέντοι
380 2230 462 2318 ῥέει,
494 2231 556 2309 ἕως
588 2230 630 2296 ἀν
657 2231 694 2295 τὸ
722 2233 757 2293 Κ
783 2231 919 2314 στόμιον
946 2228 996 2294 ἐπ’
1024 2231 1161 2311 εὐθείας

143 2341 278 2427 γένηται
305 2350 344 2427 τῇ
371 2349 432 2406 τοῦ
458 2323 796 2426 ὐδατοςῖιέπιφανείμ·
818 2334 873 2399 καὶ
895 2337 996 2401 πάλιν
1019 2339 1075 2402 διὰ
1098 2342 1161 2423 τὴν
1176 2361 1203 2401 ω

145 2448 249 2532 αὐτὴν
277 2449 386 2512 αἰτίαν
414 2444 524 2511 οὐκέτι
552 2444 672 2529 ῥεύσει.
699 2442 758 2507 ἐάυ
785 2437 822 2505 δὲ
845 2443 881 2506 τὸ
906 2441 997 2519 ἐκτὸς
1021 2447 1161 2529 στόμιον

144 2564 204 2620 τοῦ
234 2560 381 2639 σωλῆνος
408 2549 579 2638 κατωτέρω
610 2541 631 2636 ᾗ
658 2558 718 2614 τοῦ
740 2553 787 2631 Α,
811 2548 920 2634 ὥσπερ
944 2548 980 2612 τὸ
1006 2553 1050 2633 Λ,
1079 2548 1161 2637 ῥέει,

145 2664 239 2749 ἀγρις
261 2661 305 2726 ἀν
326 2661 346 2745 ἡ
370 2669 431 2726 τοῦ
453 2659 575 2734 ὕδατος
599 2655 774 2740 ἐπιφαίνειν
797 2651 930 2736 γένηται
951 2655 1036 2740 πρὸς
1057 2665 1104 2744 τῷ
1126 2665 1161 2722 Α

145 2771 276 2856 στομίῳ.
306 2766 365 2831 ἐὰν
388 2760 450 2830 οὐν
472 2764 673 2848 βουλώμεθα
695 2769 762 2826 πᾶν
784 2766 972 2842 κενωθῆναι
995 2761 1032 2825 τὸ
1057 2761 1093 2826 έν
1112 2773 1160 2851 τῷ

144 2874 264 2962 ἀγγείῳ
288 2873 390 2960 ὕδωρ,
413 2873 604 2956 καθήσομεν
626 2869 687 2934 τὸν
710 2871 851 2951 σίφωνα,
874 2866 957 2930 ὥστε
975 2867 1012 2930 τὸ
1032 2873 1064 2931 Α
1084 2873 1159 2935 στό-
1174 2891 1201 2932 ει

143 3005 221 3066 μιον
239 2980 360 3058 ψαύειν
377 2986 437 3044 τοῦ
450 2973 622 3062 πυθμένος
636 2982 696 3040 τοῦ
710 2971 845 3056 ἀγγείου
859 2969 982 3054 ἀπέχον
995 2983 1159 3041 τοσοῦτον

142 3087 224 3154 ὅσον
246 3086 367 3163 ὐάατος
390 3085 575 3170 ὐιάρρυσιν.

213 3325 231 3372 4
263 3316 330 3372 ἔστω
358 3314 382 3368 Τ
470 3319 502 3368 12
536 3331 610 3366 αυτω
638 3309 675 3364 A:
708 3307 795 3360 αὐτοῦ
822 3306 866 3373 (ον
894 3321 961 3360 corr.
986 3304 1021 3376 G)
1050 3307 1157 3365 GTbL

180 3395 212 3442 17
236 3387 319 3459 μέρος
337 3385 402 3460 G‚T
475 3383 636 3457 βαθύτερον
655 3379 699 3450 Τ,,
723 3392 792 3430 corr.
809 3374 843 3447 T¹
923 3382 955 3430 18
979 3371 1011 3432 έν
1034 3385 1071 3453 τῷ
1095 3381 1157 3439 bL:

143 3473 195 3599 ἕξεί.
212 3475 272 3586 μὴ
323 3465 355 3512 21
382 3453 433 3512 έάν
455 3458 488 3512 b:
516 3454 544 3511 εί
564 3469 590 3544 ειι
673 3455 706 3504 22
732 3447 875 3516 κατωτέρω
898 3446 1007 3519 AGT,=
1036 3452 1159 3508 κατώτε-

235 3572 244 3604 ι
