2594 3892
158 223 221 289 178
275 226 424 281 -ΗΡΩΝΟΣ
443 224 710 287 mmmm
728 227 996 280 ΠΝΕΤΜΔΤΙΚΩΝ
1014 229 1044 281 Δ.

154 409 268 475 μενον·
304 387 399 475 ἕτερα
431 386 469 454 θλ
504 388 676 455 άλυσείὸια
712 387 929 472 ἐπειληθέντα
965 390 1047 476 πρὸς
1088 391 1167 467 τοὺς

155 507 310 584 στροφείς
331 498 371 561 τά
395 494 529 561 ἐναντία
550 507 620 573 τοῖς
642 499 807 583 πρότερον
829 497 876 572 είς
898 496 936 561 ἐν
959 494 1166 561 ἀποθεθέντα

154 605 211 669 θεά
239 606 395 689 τροχίλον
423 604 471 680 είς
493 604 595 689 βάρος
617 606 781 688 μολιβοῦν
803 601 1030 686 άποθεθέσθω,
1054 599 1097 667 δι’
1125 597 1165 668 οὗ

152 709 415 797 καταρρέποντος
447 708 737 793 άποκεκλεισμέναι
769 712 901 775 έσονται
929 711 962 774 αλ
988 709 1102 794 θύραι.
1147 708 1165 774 ό

154 814 192 882 δὲ
214 820 332 882 ΚΛΜ
354 819 464 901 σίφων
491 817 528 881 τὸ
559 815 651 892 ἐκτὸς
673 815 788 892 σκέλος
811 815 907 900 ἐχέτω
932 814 1037 902 φέρον
1059 817 1106 892 είς
1128 816 1165 881 τὸ
1193 835 1206 876 5

152 923 337 1010 κρεμαστὸν
359 922 503 1005 ἀγγεῖον.
549 921 763 1006 ἐμβεβλήσθω
787 918 824 987 δέ
847 923 904 986 θιά
929 945 1021 998 τινος
1043 924 1166 1006 τρυπή-

131 1052 254 1115 ματος
277 1037 337 1094 τοῦ
356 1033 395 1093 Π
414 1028 506 1114 ὕδωρ
530 1030 577 1104 εἰς
599 1029 660 1112 τὴν
683 1038 839 1114 σφαῖραν,
858 1030 941 1094 ὥστε
960 1026 1003 1092 δι’
1026 1027 1166 1113 ἡμίσους

153 1134 326 1220 γενέσθαι,
353 1134 372 1200 ὃ
399 1135 480 1220 μετά
507 1136 568 1218 τὴν
595 1138 731 1219 ἔγχυσιν
763 1134 987 1218 ἐστεγνάσθω.
1041 1137 1165 1219 συμβή-

153 1259 243 1308 σεται
271 1237 416 1308 οὖντοῦ
440 1242 546 1327 πυρὸς
567 1240 794 1327 θνμιαθέντος
817 1244 1084 1327 θερμαινόμενον
1105 1241 1165 1307 τὸν

153 1348 191 1414 ἐν
212 1358 257 1437 τῷ
282 1352 435 1437 βωμίσκφ
459 1347 540 1434 ἀέρα
560 1339 759 1433 χεῖσθαιέίς
775 1351 913 1414 πλείονα
930 1350 1048 1413 τόπον·
1068 1343 1164 1425 οὗτος
1178 1369 1206 1408 ιο

152 1451 190 1520 δέ
217 1457 274 1522 διὰ
301 1464 361 1522 τοῦ
385 1458 454 1519 ΗΖ
481 1459 629 1538 σωλῆνας
652 1456 699 1531 είς
722 1455 783 1538 τὴν
805 1463 952 1540 σφαῖραν
974 1465 1093 1539 χωρῶν
1114 1453 1166 1519 έκ-

151 1564 268 1640 θλίψει
290 1563 327 1628 τὸ
351 1560 388 1627 ἐν
410 1560 493 1646 αὐτῇ
520 1560 627 1647 ὑγρὸν
650 1561 705 1626 διά
728 1569 789 1626 τοῦ
811 1563 846 1624 Κ
850 1563 931 1625 ΛΜ
948 1564 1094 1645 σίφωνος
1117 1563 1164 1638 είς

150 1669 188 1733 τὸ
210 1669 395 1754 κρεμαστὸν
416 1666 567 1751 ἀγγεῖον,
591 1666 609 1732 ὃ
633 1667 674 1750 δὴ
697 1670 929 1752 καταβαρῆσαν
951 1666 1163 1734 ἐπισπάσεται

151 1777 192 1841 τά
220 1774 392 1840 άλυσείθια
418 1772 473 1838 καὶ
501 1772 625 1852 ἀνοίξει
651 1774 710 1850 τάς
735 1774 853 1860 θύρας.
897 1774 998 1839 πάλιν
1026 1774 1066 1857 δὴ
1090 1777 1163 1858 σβε-

151 1880 292 1958 σθέντος
321 1889 381 1946 τοῦ
407 1881 513 1966 πυρὸς
540 1880 558 1947 ό
586 1876 647 1964 μέν
674 1879 871 1957 λεπτυνθεὶς
898 1878 961 1966 ἀὴρ
985 1880 1162 1966 ἐκχωρήσω
1176 1900 1203 1941 15

150 1987 208 2052 διὰ
229 1998 298 2053 τῶν
320 1985 538 2072 ἀραιωμάτων
562 1995 624 2051 τοῦ
645 1987 783 2070 τεύχους
806 1995 864 2070 τῆς
887 1990 1038 2074 σφαίρας.
1083 1987 1101 2053 ὁ
1125 1985 1163 2053 δὲ

149 2093 320 2177 καμπύλος
342 2094 452 2178 σίφων
475 2091 687 2158 ἐπισπάσεται
705 2094 742 2158 τὸ
765 2093 871 2178 ὑγρὸν
892 2094 929 2159 τὸ
953 2092 988 2159 ἐκ
1011 2103 1071 2160 τοῦ
1089 2118 1162 2181 κρε-

149 2209 275 2285 μαστοῦ
307 2198 459 2283 ἀγνείου,
491 2200 574 2265 ὥστε
605 2197 839 2285 ἀναπληρῶσαι
870 2200 929 2266 τὸν
960 2211 1028 2265 τῶν
1056 2200 1161 2288 ἐκκρι-

148 2306 281 2372 θέντων
303 2304 522 2392 ἀραιωμάτων
544 2308 663 2370 τόπον·
682 2308 774 2370 έσται
797 2307 861 2393 γάρ
879 2306 982 2372 αὐτοῦ
1001 2308 1038 2372 τὸ
1058 2309 1161 2394 άκρου

149 2416 388 2498 βαπτιζόμενον
418 2413 466 2489 είς
496 2413 534 2477 τὸ
567 2411 604 2476 ἐν
634 2420 680 2499 τῷ
711 2423 881 2501 κρεμαστῷ
911 2412 1032 2502 ἀγγείῳ
1059 2414 1160 2500 ὕδωρ.
1175 2434 1202 2473 20
1290 2403 1292 2409 Α

148 2517 392 2603 κουφισθέντος
420 2514 458 2583 δὲ
484 2526 544 2584 τοῦ
573 2517 708 2602 ἀγγείου
735 2519 837 2584 πάλιν
858 2521 895 2584 τὸ
919 2519 1161 2606 ἐκκρεμάμενον

149 2625 251 2710 βάρος
277 2623 488 2711 καταρρέψαν
514 2629 635 2690 κλείσει
663 2626 721 2702 τάς
747 2627 864 2712 θύρας.
909 2628 993 2692 ἔνιοι
1022 2623 1059 2691 θλ
1086 2625 1160 2692 ἀντὶ

148 2731 271 2808 ύδατος
309 2731 510 2820 ὑθραργύρφ
551 2743 712 2818 χρῶνται,
759 2731 932 2819 ἐπειδήπερ
978 2733 1159 2819 βαρύτερός

149 2836 218 2903 ἐστι
253 2846 313 2904 τοῦ
349 2838 471 2915 ὕδατος
506 2837 561 2903 καὶ
593 2837 740 2915 εὐκόπως
770 2839 836 2905 ὑπὸ
867 2847 925 2923 τῆς
956 2844 1159 2926 θερμότητος

149 2945 270 3011 λύεται.
687 3003 689 3008 ,
1172 2964 1199 3004 ετ

577 3119 725 3186 XXXIX.

204 3246 298 3312 ’Ἐστι
330 3243 367 3312 δὲ
393 3245 449 3312 καὶ
477 3248 583 3323 άλλως
610 3250 732 3322 θυσίας
759 3245 935 3332 γινομένης
962 3248 1020 3324 τάς
1046 3248 1156 3334 θύρας

150 3355 357 3439 ἀνοίγεσθαι.

214 3501 314 3577 Caput
334 3502 459 3561 XXXIX
481 3501 644 3561 seeundum
667 3496 703 3560 b:
719 3496 802 3561 Ἔστι
825 3497 857 3560 δὲ
878 3499 929 3561 καλ
950 3497 1043 3573 άλλως
1062 3499 1156 3579 πυρός

147 3587 351 3667 ἀναπτομένον
374 3590 425 3662 τὰς
448 3590 547 3671 θύρας
570 3588 751 3668 ἀνοίγεσθαι.
1169 3603 1196 3644 ιο
