2608 3880
145 155 187 219 18
266 156 417 208 ΗΡοαοΣ
435 143 702 212 ΑΛΕΞΑΝΔΡΕΩΣ
720 154 989 206 nmmum
1007 157 1039 206 A.

145 318 331 392 εύθλαστος
350 311 445 400 εἶναι,
468 326 621 402 χωροῦσα
644 316 724 381 ὅσον
746 318 886 392 κοτύλας
904 314 943 399 η’.
962 324 1099 398 στεχνής
1122 310 1161 380 δέ

146 424 249 506 ούσης
267 422 367 506 αὐτῆς
388 423 557 488 πάντοθεν
571 425 782 508 τρυπήσαντα
796 425 847 488 δεῖ
861 426 991 507 σίφωνα
1005 429 1161 487 καθεῖναι

145 533 307 618 χαλκοῦν,
339 527 488 594 τουτέστι
520 534 652 612 σωλήνα
684 531 818 613 λεπτόν,
850 529 894 613 μή
926 529 1076 606 ψαύοντα
1099 536 1160 593 τοῦ

144 637 227 700 κατά
271 636 448 721 διάμετρον
488 638 593 701 τόπου
629 645 688 700 τοῦ
729 634 975 720 τετρυπημένου
1012 637 1159 718 σημείου,

146 743 235 819 ὅπως
257 741 355 807 ὑδατι
374 743 548 828 διάρρυσις
566 742 707 828 ὑπάρχη,
726 743 763 806 τὸ
782 738 820 807 δέ
838 743 920 808 ἀλλο
938 741 1037 828 μέρος
1056 740 1160 806 αὑτοῦ
1187 761 1202 802 ι

146 848 239 924 ἐκτὸς
269 846 442 933 ὑπερέχειν
473 855 529 930 τής
560 851 703 933 σφαίρας
735 848 815 914 ὅσον
846 849 1031 924 δακτύλους
1059 857 1160 933 τρεῖς·

86 964 88 968 ’
144 956 207 1038 τήν
234 950 272 1019 δὲ
299 962 359 1019 τοῦ
385 955 594 1039 τρυπήματος
623 955 796 1039 περιοχήν,
827 952 870 1018 δι’
898 949 938 1019 οὑ
966 957 1118 1018 καθίεται
1141 952 1160 1018 ὑ

145 1065 266 1146 σίφων,
283 1068 445 1142 στεγνοὺν
459 1060 510 1124 δεῖ
523 1057 704 1148 κασσιτέρῳ
717 1061 1015 1146 προσλαμβάνοντα
1028 1063 1112 1146 πρός
1126 1083 1161 1124 τε

145 1169 205 1233 τὸν
235 1170 366 1252 σίφωνα
395 1163 450 1230 καὶ
481 1166 542 1248 τήν
575 1163 666 1243 έκτὸς
697 1175 754 1250 τής
781 1170 923 1253 σφαίρας
953 1165 1162 1251 ἐπιφάνειαν,

147 1276 230 1340 ὥστε
262 1273 342 1338 ὅταν
374 1273 574 1357 βουλώμεθα
605 1281 651 1360 τῷ
679 1276 813 1358 στόματι
842 1275 898 1338 διά
924 1283 984 1339 τοῦ
1014 1277 1161 1359 σίφωνος
1175 1295 1203 1334 1ο

145 1380 309 1465 έμφυσᾶν,
331 1379 413 1444 κατά
436 1377 562 1463 μηδένα
584 1381 710 1465 τρόπον
732 1381 769 1445 τὸ
792 1389 922 1464 πνεῦμα
940 1388 998 1462 τής
1018 1384 1162 1466 σφαίρας

148 1489 360 1552 διεκπίπτειν.
384 1497 557 1570 σκοπῶμεν
580 1486 620 1568 δή
639 1487 680 1550 τά
698 1488 936 1569 συμβαίνοντα·
953 1486 1163 1572 ὑπάρχοντος

147 1595 210 1680 γάρ
240 1591 336 1677 ἀέρος
364 1591 401 1656 έν
428 1591 525 1677 αὐτή,
555 1592 706 1677 καθάπερ
733 1589 789 1655 καὶ
817 1590 853 1656 ἐν
875 1603 945 1669 τοῖς
968 1594 1080 1669 ἀλλοις
1104 1592 1162 1676 ἀχ-

146 1703 263 1783 γειόις
292 1707 372 1762 πᾶσι
408 1707 477 1772 τοῖς
510 1695 699 1781 λεγομένοις
735 1707 858 1782 κενοῖς,
895 1707 954 1764 τοῦ
992 1695 1028 1764 δὲ
1065 1697 1162 1786 ἀέρος

150 1805 403 1890 πεπληρωκότος
437 1803 544 1867 πάντα
574 1803 634 1868 τὸν
666 1803 702 1868 έν
734 1804 817 1890 αὐτή
849 1807 952 1870 τόπον
982 1803 1038 1870 καὶ
1060 1823 1161 1891 προσ·
1176 1825 1204 1866 15

147 1907 382 1998 ερηρεισμένου
411 1910 493 1974 κατά
527 1907 699 1994 συνέχειαν
725 1911 809 1996 πρὸς
840 1913 902 1995 τήν
932 1921 992 1978 τού
1024 1913 1161 1997 τεύχους

146 2018 306 2103 περιοχὴν
340 2013 396 2080 καὶ
432 2017 573 2100 μηδενὸς
609 2025 725 2099 κενοῦ,
761 2019 912 2104 καθάπερ
945 2023 1087 2102 οῖονται,
1123 2019 1162 2082 τὸ

147 2125 304 2211 παράπαν
330 2123 538 2208 ὑπάρχοντος
564 2124 682 2205 τόπου,
711 2105 779 2187 οὐτ’
811 2121 853 2189 ἀν
880 2124 971 2209 ὑδιορ
1000 2125 1168 2210 εἰσκρῖναιΙ

93 2251 134 2290 150
148 2233 374 2314 δυνηθείημεν
405 2229 482 2294 οὔτε
513 2230 616 2295 ἀλλον
643 2230 647 2313 Ι
677 2227 771 2315 ἀέρα,
810 2230 854 2315 μή
886 2230 1162 2317 ὑποχωρήσαντος

148 2347 208 2422 τοῦ
230 2338 394 2422 πρότερον
417 2334 454 2399 έν
477 2334 558 2421 αὐτή
582 2335 790 2421 ὑπάρχοντος
808 2335 912 2423 ἀέρος.
930 2335 986 2402 καὶ
1005 2335 1063 2403 έάν
1081 2338 1161 2422 μετὰ
1176 2358 1204 2398 νο

147 2446 272 2525 πολλής
290 2444 365 2525 βίας
383 2442 445 2524 τήν
463 2447 626 2527 εῖσκρισιν
643 2443 827 2527 ποιώμεθα,
845 2446 1008 2530 πρότερον
1026 2446 1162 2530 διαρρα-

43 2557 46 2564 ’
147 2550 282 2632 μήσεται
315 2548 353 2612 τὸ
383 2556 498 2632 τεῦχος
527 2547 547 2631 ή
579 2545 762 2626 έπιδέξεταί
787 2573 819 2614 τι
847 2555 969 2636 πλήρες
997 2551 1162 2638 ὑπάρχον·

148 2656 225 2721 οὔτε
255 2655 318 2740 γάρ
346 2655 386 2719 τά
414 2655 547 2739 σώματα
579 2664 638 2720 τοῦ
666 2652 763 2741 ἀέρος
790 2656 930 2722 δύναται
960 2663 1162 2740 συσταλῆναι

148 2762 196 2838 είς
219 2763 360 2826 ἔλασσον
382 2759 540 2846 μέγεθος·
563 2762 673 2844 δεήσει
695 2763 758 2849 γάρ
782 2761 819 2828 ἐν
842 2763 954 2840 αὐτοῖς
977 2766 1064 2847 ἔχειν
1085 2764 1161 2826 τινά

149 2869 362 2952 διαστήματα,
385 2868 433 2943 εἰς
455 2867 476 2932 ἀ
499 2869 748 2953 συμπιλούμενα
768 2866 915 2934 έλάσσων
933 2867 1045 2944 αὐτοῖς
1063 2869 1161 2950 ύχκος
1175 2886 1204 2928 ει

59 3004 62 3010 ·
150 2977 256 3040 ἔσται·
279 2982 377 3044 τοῦτο
401 2969 438 3037 δὲ
461 2972 501 3039 οὐ
525 2975 673 3040 πιθανὸν
691 2978 816 3057 γίνεται
835 2975 879 3059 μή
897 2977 993 3050 ὄντος
1011 2975 1160 3039 καθόλου

149 3089 262 3148 κενοῦ·
297 3080 373 3146 οὔτε
410 3080 715 3167 συνερηρεισμένων
750 3083 832 3145 κατά
869 3082 974 3156 πάσας
1006 3081 1063 3156 τάς
1093 3079 1161 3144 ἐπι-

150 3190 288 3273 φανείας
316 3199 383 3254 τῶν
413 3188 573 3272 σωμάτων
598 3189 682 3274 πρὸς
709 3184 911 3270 ἀλληλακαῖ
935 3185 1056 3271 ὁμοίως
1078 3186 1163 3272 πρὸς

187 3449 321 3504 ΙόκτώΤ
375 3417 727 3521 4τετρυπημένοοθ,Τὺε
742 3449 991 3522 τρυπήματοςΑΘ,
1045 3451 1161 3517 6ὑπερ-

110 3519 225 3576 ψυν
239 3519 372 3592 mm:
393 3518 529 3589 ὑπάρχειν
543 3520 575 3592 Τ,
653 3527 684 3574 13
704 3520 752 3575 καὶ
771 3537 823 3576 om.
839 3520 862 3574 T
934 3527 968 3577 20
985 3519 1122 3594 προτέρου
1137 3521 1163 3574 Τ
