2596 3886
119 179 184 244 266
235 180 385 232 muoz
402 175 669 238 ΑΛΕΞΑΝΔΡΕΩΣ
686 178 955 230 ΙΙΝΕΤΜΔΤΙΚΩΝ
973 180 1004 231 Β,

118 341 254 424 ἀγγείου
277 339 330 408 ἐπὶ
352 351 412 407 τοῦ
436 342 561 426 λύχνου
584 339 805 425 ἐπικειμένου,
831 339 863 418 ἐξ
888 335 928 405 οὗ
951 340 988 404 τὸ
1013 342 1126 404 ἔλαιον

118 446 269 534 ἐπιρρέει.
627 437 628 440 ¹

184 553 484 633 Κατασκευαζίσθω
521 553 541 637 ἡ
578 557 697 638 λυχνία
727 557 843 638 κοίλην
874 555 995 637 ἔχουσα
1026 554 1126 637 βάσιν

118 664 282 745 τρίγωνον
299 661 450 746 καθάπερ
469 661 638 745 πυραμίδα
656 663 820 742 γίνεσθαι.
855 658 910 724 καλ
929 662 1010 724 ἔστω
1030 661 1126 744 βάσις

117 766 137 850 ἡ
162 770 295 832 ΑΒΓΔ
316 769 411 850 κοίλη
436 766 628 852 διάφραγμα
651 769 771 850 ἔχουσα
793 767 830 830 τὸ
853 770 925 831 ΕΖ.
967 765 984 832 ὁ
1008 762 1045 830 δὲ
1068 774 1125 848 τῆς
1152 782 1166 822 ⁵

118 876 254 957 λυχνίας
281 873 402 948 καυλὸς
429 875 511 937 ἔστω
539 871 557 937 ὁ
586 876 624 936 Η
627 876 655 937 Θ
681 871 736 937 καὶ
764 871 862 948 αὐτὸς
889 878 1014 956 κοῖλος,
1041 868 1125 958 ὑπὲρ

118 975 155 1044 δὲ
187 980 248 1044 τὸν
278 981 418 1063 καυλόν,
451 980 495 1055 ὡς
526 985 668 1064 είρηται,
699 984 811 1054 κοῖλος
837 979 984 1054 κάλαθος
1012 978 1029 1044 ὁ
1057 982 1127 1043 ΚΛ

118 1086 303 1169 δυνάμενος
330 1085 432 1150 πλέον
454 1087 567 1150 ἔλαιον
589 1094 716 1170 χωρεῖν.
761 1082 816 1149 καὶ
840 1083 875 1148 ἐκ
897 1081 958 1168 μὲν
980 1095 1040 1150 τοῦ
1062 1089 1126 1150 ΕΖ

119 1192 367 1277 διαφράγματος
389 1190 584 1256 άνατεινέτω
608 1191 718 1273 σωλὴν
736 1190 754 1256 ὁ
773 1195 855 1255 ΜΝ
868 1190 1127 1278 συντετρημένος

118 1307 164 1385 τῷ
196 1299 421 1384 διαφράγματι
451 1296 506 1362 καλ
534 1297 665 1382 άπέχων
691 1297 756 1362 άπὸ
782 1306 843 1363 τοῦ
870 1301 940 1362 ΚΛ
967 1297 1126 1383 ε’πιφράγ-
1140 1315 1167 1356 1⁰

118 1428 219 1488 ματος
241 1413 301 1470 τοῦ
323 1405 486 1489 καλάθου,
510 1403 560 1489 ἐφ’
588 1403 606 1470 ὃ
631 1405 672 1488 δὴ
694 1402 749 1468 καλ
773 1403 931 1469 ἐπίκειται
955 1404 973 1469 δ
995 1405 1126 1489 λύχνος,

119 1511 199 1577 ὅσον
235 1510 307 1597 άέρι
343 1510 502 1590 διέξοδον.
556 1509 667 1596 ἔτερος
702 1507 739 1575 δὲ
776 1513 978 1594 σωληνίσκος
1014 1510 1031 1576 ὁ
1064 1510 1127 1585 ΞΟ

117 1621 289 1683 καθείσθω
314 1619 370 1683 διὰ
392 1627 453 1682 τοῦ
471 1621 540 1682 ΚΛ
563 1616 808 1703 ἐπιφράγματος
831 1615 961 1701 ἀπέχων
983 1616 1126 1683 ἀπὸτοῦ

118 1723 289 1808 πυθμένος
311 1733 371 1790 τοῦ
394 1725 546 1789 καλάθου
569 1724 649 1789 ὅσον
670 1723 769 1788 ὕδατι
787 1724 972 1809 διάρρυσιν.
1013 1723 1126 1808 ὑπερε-

119 1828 200 1913 χέτω
229 1826 266 1894 δὲ
294 1829 397 1903 6Ξο
424 1831 535 1914 σωλὴν
561 1838 621 1895 τοῦ
644 1833 713 1894 ΚΛ
741 1828 986 1915 ἐπιφράγματος
1011 1830 1126 1915 βραχύ.
1140 1847 1167 1888 15
1286 1905 1291 1916 Ι

118 1945 157 2022 τῇ
190 1933 227 2001 δὲ
258 1937 402 2023 ὑπεροχῇ
431 1940 684 2021 συνεσμηρίσθω
713 1934 826 2021 ἕτερον
854 1937 1062 2021 σωληνάριον
1088 1938 1126 2002 τὸ

120 2046 158 2106 Π
182 2041 469 2127 ἐπιπεφραγμένον
495 2042 533 2107 τὸ
562 2043 629 2106 άνω
659 2044 809 2126 στόμιον,
837 2041 854 2106 ὃ
879 2044 935 2107 διά
957 2053 1017 2108 τοῦ
1039 2050 1128 2109 πυθ-

119 2147 218 2232 μένος
235 2158 295 2214 τοῦ
314 2149 439 2233 λύχνου
457 2149 594 2214 ῒδιωθει
613 2149 820 2232 συνηνώσθω
839 2158 884 2237 τῷ
899 2151 1008 2237 λύχνφ
1023 2147 1128 2234 μηδὲν

119 2257 222 2340 ῖέχων
254 2258 300 2332 είς
331 2256 368 2320 τὸ
403 2254 494 2332 ἐκτὸς
525 2265 585 2321 τοῦ
618 2256 751 2340 λύχνου.
801 2264 846 2344 τῷ
877 2253 913 2321 δὲ
941 2261 979 2320 Π
1003 2262 1127 2340 σωλῆνι

120 2365 394 2446 συγκεκολλήσθω
426 2361 541 2448 ἕτερον
571 2363 778 2448 σωληνάριον
805 2364 925 2428 λεπτὸν
952 2363 1127 2428 ἀνατεῖνον
1141 2381 1167 2420 20

119 2471 166 2544 είς
193 2470 230 2533 τὸ
259 2471 362 2555 άκρον
388 2478 448 2534 τοῦ
474 2468 556 2545 ὠτὸς
578 2466 633 2533 καλ
657 2471 889 2554 συντετρήσθω
914 2469 1017 2557 αὐτῷ,
1044 2471 1127 2535 ὥστε

120 2575 267 2661 ἐπιρρεῖν
299 2574 335 2640 ἐν
366 2585 411 2664 τῷ
438 2577 631 2660 κοιλάσματι
658 2584 718 2641 τοῦ
746 2577 886 2660 λύχνον,
918 2578 994 2661 ἔχον
1021 2584 1127 2661 τρῆμα

120 2683 229 2768 ὥσπερ
265 2680 319 2747 καλ
356 2684 388 2746 ολ
425 2683 528 2747 άλλοι.
585 2682 651 2747 ὑπὸ
689 2678 726 2746 δὲ
761 2684 798 2747 τὸ
835 2687 899 2747 ΕΖ
935 2684 1127 2768 διάφραγμα

65 2821 69 2830 ·
118 2789 397 2871 ὑποκεκολλήσθω
420 2789 568 2853 κλειδίον
590 2787 695 2874 φέρον
718 2790 765 2865 είς
783 2790 844 2873 τὴν
863 2792 987 2854 ΓΔΕΖ
1005 2790 1126 2876 χώραν,

120 2896 217 2978 ὥστε,
250 2893 308 2959 ἐάν
337 2892 494 2980 ἀνοιχθῇ,
526 2894 563 2959 τὸ
593 2893 628 2959 ἐκ
654 2904 712 2977 τῆς
740 2899 874 2960 ΑΒΕΖ
900 2897 1008 2981 χώρας
1034 2892 1126 2982 ὕδωρ
1141 2913 1166 2954 ιε

119 3004 329 3086 μεταβαίνειν
365 3001 412 3077 είς
447 3001 508 3084 τὴν
540 3003 677 3066 ΓΔΕΖ.
731 3004 813 3067 ἔστω
846 2999 884 3067 δὲ
915 3002 952 3067 ἐν
983 3011 1028 3090 τῷ
1061 3006 1126 3066 ΑΒ

189 3202 206 3249 4
224 3194 244 3248 f.
259 3192 369 3267 <ὥοτε>
383 3192 516 3261 καθάπερ
588 3199 603 3246 7
619 3193 723 3248 καυλὸν
737 3193 792 3265 M,:
811 3195 898 3250 αὐλὸν
913 3210 931 3249 a
1002 3195 1038 3256 ὡς
1053 3197 1128 3264 εἴρη-

118 3286 165 3320 ται
188 3268 330 3335 εωερεοῖο,
354 3263 409 3318 nisi
431 3263 513 3318 initio
537 3263 637 3334 capitis
661 3264 800 3333 quaedam
817 3263 1020 3319 interciderunt
1093 3270 1126 3319 18

120 3336 338 3479 λῖῖῗὲῖῖὶλῑ
359 3335 586 3478 ξλλῖὲιῖῗῖχι
602 3334 872 3473 ῖῖλῖλῗιάῖλῗ
890 3336 915 3460 λ
933 3334 1126 3461 ιιέῖιὶίῖέ

119 3478 229 3532 Herone
252 3478 357 3567 script?
379 3482 484 3570 efflante
506 3486 556 3566 τοῦ
580 3476 681 3546 λάχνον
705 3478 832 3564 διάσθω,
854 3477 889 3549 (ὁ
915 3477 947 3568 δὲ
965 3480 996 3531 Π
1014 3477 1127 3602 οωῖήνέ

25 3587 63 3595 -
120 3551 291 3618 σννηνώσθω
309 3570 347 3622 τῳ
365 3552 454 3622 λυχνφ
473 3551 561 3618 μηδεν
582 3547 651 3617 ἔχων
669 3566 716 3601 κτε
792 3554 826 3602 22
844 3557 893 3603 τοῦ
912 3552 1013 3618 λυχνου
1033 3564 1086 3601 om.
