2596 3886
153 133 217 198 272
272 135 422 190 Ηεοωοε
440 133 706 196 mmmm
724 107 992 190 ωεευιιεεικωι
1010 138 1042 190 ε.

153 300 184 364 οἱ
209 302 284 382 ΓΔ,
307 303 371 363 ΕΖ
398 297 652 386 συντετρημένοι
680 307 725 386 τῷ
748 303 814 362 ΑΒ
837 297 966 386 ἀγγείῳ.
1012 299 1049 363 τὸ
1073 295 1110 363 66
1134 301 1166 362 Γ

153 407 290 489 στόμιον
316 414 376 470 τοῦ
401 411 549 488 σωλήνος
571 401 714 490 ἀπεχέτω
737 404 801 469 ἀπὸ
825 414 885 469 τοῦ
907 403 1080 490 πυθμένος
1102 415 1161 470 τοῦ

154 511 218 576 AB
251 509 386 596 ἀγγείου
418 511 499 577 ὅσον
529 507 627 576 ύδαιι
659 511 849 596 ὃιιίρρυσιν·
880 503 935 575 καὶ
966 510 983 576 6
1011 505 1074 595 μὲν
1101 514 1162 576 ΓΔ

153 619 229 703 ἄχρι
258 627 316 701 τής
344 617 535 700 ἐπιφανείας
562 616 644 682 ἔστω
672 621 732 682 τοῦ
760 615 885 701 λύχνου
913 613 1051 700 φιάλιον
1078 615 1162 702 ἔχων

153 726 236 810 πρὸς
259 733 306 812 τῷ
323 730 356 789 A
380 725 479 810 ίίκρφ,
502 721 545 786 δι’
574 717 614 788 οὗ
637 725 729 788 ἔσται
751 722 771 806 ἡ
794 725 928 807 ἔγχυσις
949 733 1010 788 τοῦ
1032 723 1162 801 ὕδατος.
1190 744 1204 784 5

153 831 171 896 6
195 827 232 896 δὲ
249 834 314 895 ΕΖ
338 831 448 912 σωλήν
468 831 702 914 συντετρήσθω
720 835 768 917 τῷ
784 829 933 914 πυθμένι
950 839 1010 895 τοῦ
1028 831 1163 915 λύχνου.
1260 900 1262 902 ,

155 937 214 1002 έύν
250 933 312 1002 οὖν
343 958 394 1012 τις
426 933 483 1000 διὰ
514 941 574 1000 τού
606 935 759 1020 ὀμφαλοῦ
791 945 851 1001 τοῦ
883 935 1008 1020 λύχνου
1040 929 1162 1024 έγχύνη

154 1041 281 1126 ἔλαιον,
317 1043 459 1128 χωρήσει
494 1052 627 1128 πρῶτον
660 1043 707 1118 εἰς
737 1041 774 1106 τὸ
808 1042 873 1107 ΑΒ
906 1037 1057 1126 ἄγγελον,
1094 1034 1163 1108 εἶτα

153 1145 388 1235 πληρωθέντος
419 1145 522 1213 αὐτοῦ
548 1148 827 1234 πληρωθήσονται
853 1147 908 1214 καί
936 1147 968 1214 ολ
997 1147 1072 1233 ΓΔ,
1099 1149 1164 1214 ΕΖ

154 1261 300 1338 σωλήνες
324 1253 378 1319 καὶ
401 1254 420 1320 6
443 1254 572 1338 λύχνος.
617 1257 791 1338 καιόμενος
813 1249 876 1320 σύν
899 1255 917 1320 6
940 1256 1061 1339 λύχνος
1084 1255 1163 1321 ιἰπύ-
1179 1279 1207 1318 ιο

153 1385 250 1438 μενος
281 1365 379 1427 ἔσται.
430 1361 510 1426 ὅταν
542 1355 604 1426 σύν
637 1360 800 1446 έγχέωμεν
831 1363 886 1426 διὰ
918 1369 979 1427 τοῦ
1007 1363 1091 1448 πρὸς
1118 1370 1164 1450 τῷ

154 1473 187 1532 A
209 1471 348 1552 φιαλίου
371 1467 478 1553 ὕδωρ,
506 1469 647 1553 χωρήσει
670 1469 718 1543 είς
739 1467 777 1531 τὸ
800 1471 867 1531 ΑΒ
889 1467 1025 1550 ἄγγελον
1047 1469 1164 1553 μιγνύ

154 1594 256 1659 μενον
287 1583 332 1662 τῷ
366 1571 479 1659 έλαίφ,
515 1570 552 1637 τὸ
586 1567 623 1638 66
655 1573 692 1638 ἐν
722 1581 768 1659 τῷ
799 1573 865 1638 ΑΒ
897 1573 1019 1662 λγγείφ
1052 1571 1165 1640 ἔλαιον

154 1679 369 1767 προσαναβὰν
396 1680 562 1766 πληρώσει
590 1676 627 1744 τὸ
656 1673 785 1756 ε’λλιπλς
811 1688 870 1745 τοῦ
899 1676 1038 1764 λύχνου,
1071 1677 1165 1768 ύίχρις

156 1863 211 1923 δύο
230 1823 359 1940 σωλήνες
379 1861 410 1922 οί
425 1865 487 1940 ΓΔ,
506 1865 564 1920 ΕΖ
584 1859 808 1942 συντετρημένοι
826 1867 866 1945 τῷ
884 1865 942 1921 ΑΒ
961 1854 1074 1948 ἆγγείφ.
1112 1861 1164 1924 καὶ
1179 1879 1206 1920 ισ

155 1949 187 2011 τὸ
212 1947 265 2029 μὲν
285 1953 315 2010 Γ
334 1949 454 2029 στόμιον
476 1959 529 2010 τοῦ
548 1953 601 2008 ΓΔ
623 1954 756 2030 σωλήνος
778 1948 903 2030 ύπεχέτω
926 1948 984 2012 ἀπὸ
1007 1960 1059 2012 τοῦ
1082 1957 1164 2012 πυθ-

156 2037 243 2119 μένος
270 2049 322 2101 τού
352 2037 469 2120 ἀγγείου
497 2039 606 2120 βραχύ,
634 2037 705 2099 ὅσον
728 2039 814 2099 ύδατι
837 2039 991 2120 ὃιιίρρυσιν
1014 2033 1102 2100 εἶναι·
1131 2039 1163 2102 τὸ

157 2125 189 2188 66
211 2132 240 2187 A
267 2126 354 2208 μέρος
382 2125 444 2189 ύνω
469 2131 521 2206 τής
544 2125 718 2204 ἐπιφανείας
741 2121 812 2189 έστοι
835 2131 887 2188 τού
910 2123 1019 2208 λύχνου
1043 2128 1164 2206 φιάλιον

156 2214 222 2297 έχον
245 2214 319 2298 πρὸς
342 2217 381 2301 τῷ
400 2217 428 2276 A
449 2211 541 2300 ίίιιρφ,
565 2209 605 2276 ύί
630 2205 667 2277 06
690 2214 768 2277 ἔσται
789 2209 809 2295 ή
833 2211 947 2298 ἔγχυσις
970 2225 1023 2278 τοῦ
1045 2213 1163 2291 ύύατος.

156 2299 173 2365 6
202 2302 234 2366 δὲ
261 2305 320 2365 ΕΖ
348 2303 446 2384 σωλήν
474 2303 622 2383 διηκίσθω
651 2301 748 2387 μέχρις
776 2305 868 2385 αύτής
894 2311 946 2384 τής
972 2306 1075 2385 κοίλης
1101 2304 1165 2367 ἐπι·
1179 2323 1208 2364 εο

156 2395 280 2472 φανείσις
298 2403 350 2455 τοῦ
369 2395 488 2475 λύχνου.
525 2391 578 2453 ἐὰν
597 2383 653 2455 ούν
672 2417 715 2466 τις
734 2393 783 2455 διὰ
801 2403 853 2474 τής
871 2393 972 2474 κοίλης
990 2387 1164 2474 ἐπιφανείας

156 2490 209 2543 τοῦ
227 2483 336 2562 λύχνου
355 2480 437 2568 ἐγχέη
457 2481 565 2561 ἔλαιον,
583 2480 707 2564 χωρήσει
724 2487 840 2564 πρῶτον
859 2483 901 2555 εἰς
915 2477 947 2544 τὸ
962 2482 1021 2544 ΑΒ
1036 2476 1165 2565 ἀγγεῖον,

156 2560 217 2630 είτσι
244 2569 453 2652 πληρωθέντος
481 2567 573 2632 αύτού
601 2571 849 2651 πληρωθήσονται
870 2570 920 2632 καὶ
943 2569 976 2633 σί
995 2577 1125 2652 σωλῆνες
1148 2571 1165 2634 ὅ

157 2679 186 2719 τε
205 2661 259 2719 ΓΔ
279 2658 329 2720 καὶ
353 2655 368 2719 6
387 2659 457 2740 EZ,
480 2654 552 2720 ἀλλὰ
576 2653 613 2738 δή
636 2658 686 2720 ιιαλ
710 2656 725 2720 6
746 2659 851 2740 λύχνος
870 2653 967 2733 αύτύς.
1008 2660 1165 2741 καιόμενος

157 2735 213 2808 ούν
242 2741 257 2808 6
286 2745 392 2828 λύχνος
420 2745 563 2820 λπόιιενος
590 2743 677 2808 ἔσται.
723 2743 793 2810 ὅταν
820 2746 851 2810 δὲ
874 2745 1015 2830 λγχέωμεν
1038 2743 1088 2810 σιὰ
1110 2757 1163 2812 τσο
1179 2766 1207 2807 ει

156 2835 230 2918 πρὸς
252 2842 293 2921 τῷ
315 2843 343 2896 A
366 2838 487 2915 φιαλίου
510 2837 607 2918 ὕδωρ,
628 2837 751 2919 χωρήσει
773 2838 815 2912 εἰς
838 2837 869 2899 τὸ
892 2842 953 2898 ΑΒ
975 2837 1092 2920 αἰγγεῖον
1114 2838 1165 2902 καί

226 3085 396 3170 ew:
421 3084 458 3150 λλ
472 3096 538 3169 Α,Τ
603 3103 634 3150 11
654 3104 691 3170 τῷ
709 3096 776 3153 AG:
794 3097 863 3152 ιὸΤ
927 3102 1030 3150 12-13
1049 3096 1068 3151 f.
1083 3095 1164 3170 (μή)

156 3168 324 3238 μιγνύμενον

229 3371 262 3419 ιι
281 3369 334 3418 ΓΛ
354 3361 464 3433 scripsi:
490 3350 593 3432 ’λιιι
670 3351 1164 3436 13Awripsioeeundum11266

157 3442 233 3561 ἔστΙὲι
251 3433 448 3561 ξχὲινιιοείμείε
488 3435 589 3506 mh
669 3437 703 3486 λλ
721 3433 887 3501 proceditis
969 3439 1004 3488 25
1026 3432 1166 3498 ἀπότινος
