2604 3908
131 158 196 223 348
233 161 382 213 ΗΡΩΝΟΣ
401 156 602 218 ΔΛΕΞΑΝΔΡ.
618 161 705 211 ΠΕΡΙ
723 159 1141 212 ΔΤΤΟΜΔΤΟΠΟΙΗΤΙΚΗΣ.

132 323 289 408 σύριγγος
325 320 345 404 ἡ
382 324 453 386 λεία
489 320 594 407 ἡρέμα
629 318 876 407 καταφερομένη
908 322 966 396 τὰς
997 322 1146 403 κινήσεις

131 428 283 493 ἀποτελεῖ
306 427 514 513 ἐπισπωμένη
540 426 678 512 ἑκάστην
701 429 856 512 σπάρτον.
893 426 976 512 ἀρχὴ
996 423 1033 491 δὲ
1050 429 1142 510 κινη-

79 555 117 594 246
132 536 213 611 σεώς
231 534 299 599 ἐστι
318 536 410 611 τάσις
424 535 582 619 σπάρτου,
600 537 759 618 κινήσεως
779 534 783 617 Ι
804 529 841 598 δέ
856 535 968 610 στάσις
983 532 1143 608 ἀπόλυσις

132 643 280 727 σπάρτου
307 640 506 723 ἐκπεσούσης
532 649 590 723 τῆς
616 639 760 724 ἀγκύλης
786 639 850 704 άπὸ
873 649 933 705 τού
956 640 1059 704 τύλου
1082 648 1142 704 τοῦ
1169 722 1171 726 ,

79 755 118 810 10
133 749 169 814 ἐν
191 756 237 835 τῷ
259 746 445 834 κινουμένῳ
469 747 609 834 ὀργάνῳ.
656 749 689 811 αἱ
712 743 749 812 δὲ
771 747 837 812 ὑπὸ
860 755 918 830 τῆς
940 749 1029 821 λειάς
1053 743 1143 810 έλκό-
1170 765 1185 806 σ

131 879 227 940 μεναι
252 855 390 940 σπάρτοι
413 863 515 918 πᾶσαι
539 855 697 937 ἰσοταχῶς
720 849 781 938 μὲν
803 852 965 935 ἕλκονται,
991 851 1052 917 οὐκ
1076 853 1143 917 ἰσο-

131 972 239 1046 ταχεῖς
263 957 300 1025 δὲ
322 962 380 1036 τὰς
400 963 547 1044 κινήσεις
564 969 739 1025 ποιοῦνται
759 961 815 1024 διά
833 961 870 1024 τὸ
890 960 934 1044 μὴ
951 957 1027 1043 περὶ
1047 959 1144 1042 ὅμοια

133 1070 258 1152 ὄργανα
276 1067 378 1143 αύτδς
395 1071 646 1151 περιειλεῖσθαι,
665 1066 749 1131 άλλδι
769 1066 807 1142 δὶς
825 1063 886 1151 μὲν
904 1064 979 1151 περὶ
994 1069 1144 1150 μείζονας

132 1174 288 1255 κύκλους,
317 1173 355 1249 ἃς
382 1169 419 1237 δέ
447 1172 522 1258 περὶ
551 1172 738 1249 ἐλάσσονας.
783 1174 834 1238 δεῖ
861 1169 898 1236 δὲ
920 1184 987 1238 τῶν
1010 1173 1054 1256 μη
1078 1173 1144 1256 άμα

131 1279 337 1364 κινουμένων
364 1280 518 1366 ὀργάνων
545 1281 602 1355 τὰς
630 1281 796 1364 σπάρτους
819 1280 862 1363 μη
886 1280 952 1362 άμα
974 1279 1144 1361 τετάσθαι,
1157 1298 1186 1338 ιο

132 1385 216 1451 άλλδι
233 1397 301 1451 τῶν
318 1386 458 1472 ὕστερον
475 1385 684 1470 κινουμένων
701 1389 759 1462 τὰς
776 1387 941 1472 σπάρτους
955 1387 1145 1469 χαλάσματα

80 1497 116 1553 11
134 1497 230 1578 ἐχειν.
289 1495 330 1559 τά
366 1490 403 1558 δὲ
440 1495 628 1578 χαλάσματα
660 1493 834 1578 μηρύματα
866 1493 917 1557 δεῖ
948 1503 1058 1557 ποιεῖν
1088 1489 1144 1556 καὶ

133 1605 342 1685 προσκολλάν
369 1607 460 1686 κηρῷ
489 1599 582 1675 ἐντὸς
609 1609 669 1665 τοῦ
696 1603 858 1664 πλινθίου
885 1599 966 1663 κατά
993 1599 1053 1662 τὸν
1076 1596 1145 1663 ἐπι-

133 1708 298 1790 βάλλοντα
320 1709 433 1788 τόνιον,
459 1705 546 1782 ὅπως
569 1705 589 1789 ἡ
613 1708 684 1771 λεία
708 1704 916 1788 ἐπισπωμένη
939 1706 976 1769 τὸ
995 1705 1145 1788 χάλασμα

132 1812 261 1897 πραέως
283 1816 374 1898 τείνη
397 1813 458 1895 τὴν
472 1814 636 1898 κστιάρτον.
672 1811 847 1898 προσέχειν
870 1809 907 1876 δὲ
930 1812 981 1876 δεῖ
999 1809 1053 1876 καὶ
1072 1821 1144 1888 ταῖς
1159 1829 1185 1870 1⁵

134 1921 305 2006 σπάρτοις,
333 1920 421 1994 ὅπως
445 1917 561 2002 ἑκάστη
586 1918 696 2001 αὐτῶν
722 1926 768 2005 τῷ
793 1919 867 2005 ἰδίῳ
891 1919 1021 2005 ὀργάνῳ
1043 1934 1144 2003 προσ-

133 2032 313 2112 αγκυλωθῇ
340 2024 395 2090 καὶ
423 2026 467 2109 μὴ
495 2023 544 2089 ἐπ’
577 2024 733 2111 ἀριστερά
762 2026 823 2108 τὴν
850 2024 1019 2107 ἐπείλησιν
1046 2026 1145 2110 λάβη·

133 2144 209 2217 μιᾶς
232 2135 295 2218 γάρ
319 2132 430 2197 αὐτῶν
453 2131 686 2214 άλλαγείσηςῆ
710 2129 758 2196 ἐπ’
786 2131 942 2217 ἀριστερὰ
960 2130 1145 2215 ἐπειληδεί-

82 2243 119 2298 12
134 2257 193 2322 σης
219 2241 260 2305 τδι
287 2240 348 2304 ὅλα
375 2240 491 2304 στάσιν
514 2241 660 2321 λη’ύεται.
706 2239 757 2302 δεῖ
779 2234 817 2302 δέ
839 2235 894 2302 καὶ
916 2238 975 2313 τὰς
997 2248 1065 2302 τῶν
1087 2237 1145 2322 άρ-

134 2349 238 2430 χαίων
266 2345 423 2430 ἐκφυγεῖν
452 2342 634 2427 διαθέσεις,
663 2344 750 2421 ὅπως
772 2347 966 2428 καινότερον
988 2345 1025 2408 τὸ
1048 2368 1145 2408 κατα·
1160 2363 1187 2403 ιο

135 2453 301 2536 σκεύασμα
325 2456 494 2535 φαίνηται·
518 2452 664 2515 δυνατὸν
686 2451 760 2535 γάρ,
784 2452 827 2527 ὡς
847 2453 1051 2536 προείρηται,
1074 2462 1146 2528 ταῖς

135 2558 250 2633 αὐταῖς
272 2559 430 2642 μεθόδοις
454 2559 625 2643 χρώμενον
643 2556 754 2642 ἑτέρας
772 2555 827 2621 καὶ
847 2555 958 2641 ἑτέρας
976 2556 1145 2634 διαθέσεις

134 2670 313 2728 ποιεῖσθαι.
362 2663 494 2747 βέλτιον
521 2662 551 2728 δ’
580 2663 616 2728 ἐν
639 2664 769 2739 τούτοις
792 2662 989 2748 ἀναστρέψει
1013 2663 1030 2728 ὁ
1054 2688 1145 2748 χαρι·

135 2768 271 2854 εστέραν
298 2769 441 2836 ἐπινοῶν
469 2771 632 2835 διάθεσιν.
682 2770 725 2853 ἣν
752 2766 789 2834 δέ
815 2769 908 2854 ἡμεῖς
935 2769 1145 2854 ἐκτιθέμεθα,

135 2861 204 2940 ἐστι
227 2876 371 2959 τοιαύτη.
497 2939 499 2944 ,
1000 2914 1007 2928 ·
1158 2894 1186 2934 εσ

207 3074 222 3121 2
242 3064 412 3138 ἐπισπομένη
431 3068 454 3120 Τ
526 3073 542 3120 3
560 3069 639 3130 τάσις
657 3068 700 3122 ed.
714 3068 815 3123 Paria:
838 3068 930 3136 πάσης
948 3083 978 3123 a:
998 3067 1098 3131 σπάσις
1116 3069 1145 3122 Μ

171 3139 377 3209 4άγιιύλοιςΤ
454 3144 470 3193 6
495 3139 612 3208 σπάρτοι
631 3138 668 3195 G:
693 3142 821 3207 σπάρτοι,
846 3158 873 3193 οι
896 3156 929 3192 ex
952 3160 982 3193 αι
1001 3157 1083 3208 corn,
1106 3140 1145 3194 A:

135 3210 256 3281 σπάρται
274 3211 297 3263 Τ
369 3216 384 3264 7
407 3217 556 3266 ποιοῦνται
573 3211 598 3263 A
622 3206 666 3280 (ἐμ
690 3214 755 3264 ante
776 3219 925 3265 ποιοῦνται
943 3210 996 3266 del.
1012 3211 1047 3280 A)
1066 3209 1144 3282 GTI:

136 3277 317 3352 ἐμποιοῦνται
340 3282 374 3354 Τ,
471 3287 487 3335 8
515 3283 610 3344 αὐτοῖς
633 3281 666 3353 T,
762 3283 891 3350 μείζονας
915 3281 957 3335 M:
986 3283 1099 3351 μείζονα
1127 3297 1146 3336 ω

173 3360 275 3407 10-11
295 3353 421 3426 ὀργάνων
437 3396 443 3407 .
460 3394 466 3405 .
483 3349 677 3422 ,κινουμένων
695 3351 788 3406 om.G
861 3357 893 3404 12
912 3351 1060 3422 μηρύματα
1078 3351 1145 3408 AT:

77 3522 120 3527 ἡ
135 3459 334 3539 μηρύσματαθι
396 3466 429 3512 13
443 3459 569 3540 κηρῶνΤ
629 3465 662 3513 14
677 3456 825 3520 δπωςΑΤε
840 3437 943 3526 &QG
1003 3464 1035 3512 15
1050 3457 1146 3539 πράως

165 3529 348 3584 =1d.Vulc.4
374 3533 403 3584 et
425 3529 569 3584 Barbenn.
588 3529 614 3582 H
633 3535 666 3584 82
691 3531 786 3599 (supra
808 3531 878 3601 τοι).
916 3529 1036 3599 (πραέως
1059 3532 1146 3584 εῖιειο
