2598 3886
128 151 172 216 96
246 151 396 207 ΗΡςευοΣ
413 148 679 210 mmmmm*
698 153 966 206 Πατυυιυααιυ
983 153 1017 206 A.

127 316 211 380 ώστε
238 311 374 398 βλέπειν
390 311 483 400 ’πρὸς
509 316 549 379 τά
572 313 765 401 ὀρνιθάριά,
787 312 993 391 κενωθέντος
1016 311 1054 380 δέ
1076 324 1137 380 τοῦ

129 423 266 485 ΒΓΔΕ
296 419 431 503 ἀγγείου
462 427 644 485 κενοῦσθαι
675 419 730 485 καί
761 422 799 486 τὸ
831 424 865 485 Ω
896 422 953 487 διά
979 446 1070 498 τινος
1103 420 1140 486 έν

129 525 219 614 αὐτῷ
250 534 390 590 πνικτοῦ
423 527 582 611 διαβητου
612 525 633 610 ἢ
660 527 835 612 καμπύλου
866 530 1027 612 σίφωνος,
1055 529 1139 593 ὥστε

128 633 231 698 πάλιν
247 636 479 719 καταβαρῦσαν
495 634 533 698 τὸ
553 638 591 697 Ψ
605 635 707 721 βάρος
721 632 923 720 ἀποστρέψαι
936 635 998 718 τὴν
1011 639 1139 717 γλαῦιια

128 740 211 804 κατά
241 739 301 803 τὸν
327 741 446 825 καιρὸν
477 737 618 823 ἐκεῖνον,
651 740 705 805 ὅτε
733 745 916 826 πληροῦται
943 742 980 806 τὸ
1008 745 1141 807 ΒΓΔΕ
1165 755 1180 796 5

76 867 115 907 ιιι
129 844 264 928 ἀγγεῖόν
284 846 288 930 Ι
309 842 363 910 καὶ
394 847 496 933 πάλιν
527 847 561 910 αἱ
592 855 661 911 τών
687 845 814 932 ὀρνέων
840 849 992 930 γίνονται
1019 851 1139 931 φωναί.

129 1011 132 1014 -
196 966 263 1033 Καὶ
300 969 333 1033 ολ
366 979 433 1034 τῶν
469 972 660 1052 σαλπίγγων
694 966 731 1034 δέ
761 965 835 1053 ἦχοι
864 972 921 1036 διὰ
948 980 1009 1037 τοῦ
1035 993 1140 1058 παρα-

128 1077 273 1160 πλησίου
299 1077 450 1157 γίνονται
476 1077 602 1161 τρόπου
629 1084 674 1164 τῷ
700 1075 940 1165 προειρημένῳ·
968 1077 1138 1163 ὅτανγὰρ

130 1184 178 1259 είς
210 1182 349 1264 στεγνὸν
380 1181 515 1265 ἀγγεῖον
545 1189 709 1268 κατατεθῇ
740 1193 798 1267 τῆς
829 1184 936 1267 χώνης
968 1183 986 1250 ὁ
1017 1185 1139 1260 καυλὸς

129 1286 261 1372 ἀπέχων
282 1287 347 1353 ἀπὸ
369 1297 430 1353 τοῦ
447 1287 619 1373 πυθμένος
636 1291 743 1375 βραχὺ
760 1287 816 1354 καί
835 1288 1140 1376 συνεστεγνωμένος
1153 1307 1181 1346 1⁰

129 1402 175 1482 τῷ
198 1395 307 1478 τεύχει
328 1403 389 1460 τοῦ
411 1394 558 1479 ἀγγείου,
581 1390 651 1460 εἶτα
672 1394 693 1478 ἡ
718 1395 856 1479 σάλπιγξ
879 1399 1000 1480 ἔχουσα
1022 1399 1083 1462 τόν
1104 1421 1139 1463 τε

129 1502 268 1567 κώδωνα
296 1499 351 1566 καὶ
378 1502 439 1585 τὴν
465 1503 633 1585 γλωσσίδα
663 1500 927 1588 συντετρημένην
949 1510 994 1591 τῷ
1017 1503 1139 1593 ἀγγείῳ

129 1608 212 1672 κατὰ
238 1607 275 1672 τὸ
304 1609 372 1672 ἀνω
395 1605 494 1693 μέρος
512 1607 626 1692 αὐτοῦ,
650 1610 850 1692 συμβήσεται
874 1609 930 1674 διά
952 1618 1010 1692 τῆς
1032 1609 1140 1693 χώνης

130 1785 368 1869 ἀποστρέφεσθαι
394 1788 449 1867 την
475 1794 589 1869 γλαῦκα
615 1797 668 1851 τοῦ
691 1787 732 1869 μη
756 1785 829 1871 δρᾶν
851 1788 925 1870 πρὸς
947 1788 983 1850 τδι
1006 1787 1138 1872 ὀρνίθια,

130 1878 216 1938 άτινα
246 1874 371 1938 έδύκουν
403 1873 487 1962 ᾅδειν
518 1877 575 1960 πρὸ
604 1887 656 1939 τοῦ
684 1876 909 1959 ἀποστραφῆναι
935 1878 990 1957 την
1017 1883 1137 1960 γλαῦκα.
1153 1891 1179 1932 16

130 1966 163 2028 έν
191 1965 250 2052 ὅσῳ
277 1963 309 2026 δέ
333 1967 422 2027 πάλιν
443 1977 579 2028 κενοῦται
602 1967 634 2029 τὸ
658 1969 691 2028 ,Ω
712 1965 831 2049 ἀγγεῖον
854 1966 904 2028 διὰ
926 1977 978 2029 τοῦ
1001 1966 1034 2029 έν
1057 1965 1136 2052 αύτῷ

30 2087 32 2094 s
130 2063 255 2117 πνικτοῦ
275 2054 432 2135 ,διαβήτοω
454 2055 486 2117 τὸ
510 2053 564 2135 μὲν
586 2054 619 2117 έν
642 2055 720 2141 αὐτῷ
742 2057 834 2136 βάρος
856 2055 1067 2136 κατερχόμενον
1088 2056 1138 2118 διὰ

130 2143 163 2205 τὸ
190 2148 288 2227 πολλῷ
314 2145 476 2226 βαρύτερον
503 2137 580 2205 εἶναι
605 2150 645 2229 τῷ
669 2150 791 2228 σταθμῷ
814 2154 866 2207 τοῦ
895 2148 929 2204 Ψ
947 2145 1059 2228 βάρους
1082 2145 1138 2224 τὴν

134 2236 199 2294 ΟΠ
223 2233 346 2314 σύριγγα
373 2241 540 2315 στραφῆναι
565 2233 682 2312 ποιήσει
706 2233 779 2313 πρὸς
802 2233 837 2308 τὰ
860 2230 982 2315 ὀρνίθια
1003 2233 1053 2295 καί
1074 2233 1137 2295 έπι-

131 2319 249 2402 στρέψει
271 2320 345 2402 πρὸς
367 2319 442 2382 αὐτὰ
464 2321 514 2383 καί
535 2319 590 2399 τὴν
610 2326 735 2403 γλαῦκα·
758 2331 810 2383 τοῦ
830 2318 862 2382 δέ
880 2325 1001 2383 ΒΓΔΕ
1019 2320 1137 2404 ἀγγείου
1152 2336 1178 2376 2⁰

131 2406 296 2490 ἀρξαμένου
327 2413 516 2490 πληροῦσθαι
545 2407 561 2471 δ
589 2408 621 2471 έν
648 2409 728 2494 αύτῷ
756 2407 812 2492 ἀὴρ
840 2409 976 2493 έκχωρῦν
1003 2410 1053 2472 διὰ
1079 2420 1138 2473 τών

132 2498 292 2579 συρνγγίων
314 2498 403 2559 πάλιν
425 2497 480 2576 τὴν
502 2496 610 2576 φωνην
632 2507 691 2560 τῶν
715 2495 858 2579 ύρννθίων
876 2497 1048 2561 ἀποτελέσει.
1089 2500 1139 2561 καὶ

132 2595 219 2648 τοῦτο
241 2585 335 2666 έσται,
358 2583 458 2660 δσάκις
480 2585 518 2648 διν
541 2587 677 2668 βούλοιτό
700 2610 752 2660 τις.

199 2673 259 2736 Καί
290 2675 322 2737 οί
346 2683 403 2736 τών
430 2676 597 2757 σαλπίγγων
625 2674 657 2737 δέ
682 2669 750 2757 ἦχοι
776 2673 826 2736 διὰ
852 2686 905 2739 τοῦ
932 2677 1138 2759 παραπλησίου

131 2764 265 2845 γίνονται
295 2763 405 2845 τρόπον
437 2765 476 2849 τῷ
507 2763 721 2851 προειρημένην·
756 2764 826 2826 ὅταν
857 2764 912 2846 γὰρ
945 2766 988 2839 είς
1019 2765 1139 2847 στεγνὸν
1153 2778 1179 2818 25

133 2850 250 2933 ἀγγεῖον
281 2859 428 2938 κατατεθη
459 2859 511 2932 τῆς
542 2853 638 2934 χώνης
670 2851 686 2915 δ
718 2852 826 2926 καυλὸς
858 2852 973 2934 ἀπέχων
1000 2853 1058 2916 ἀπὸ
1085 2863 1138 2916 τοῦ

132 2939 287 3020 πυθμένος
305 2941 398 3022 βραχὺ
416 2941 466 3003 καί
484 2940 752 3023 συνεστεγνωμένος
770 2948 810 3026 τῷ
827 2943 921 3023 τεύχει
937 2953 990 3005 τοῦ
1009 2942 1139 3024 ἀγγείου,

133 3036 323 3114 συστεγνωθη
356 3027 393 3091 δὲ.
418 3029 496 3114 αύτῷ
523 3030 572 3093 καί
599 3032 720 3112 σάλπιγξ
747 3029 853 3111 έχουσα
879 3031 930 3092 τάν
957 3053 987 3093 τε
1014 3032 1140 3094 κώδωνα

132 3119 183 3181 καί
209 3120 264 3199 την
290 3119 436 3201 γλωσσίδα
461 3120 535 3210 πρὸς
557 3129 592 3206 τῇ
616 3119 700 3206 στέγη
723 3129 776 3182 τοῦ
799 3117 932 3202 ἀγγείου,
960 3120 1140 3202 συμβήσεται

181 3399 182 3404 ’
205 3385 221 3433 3
239 3389 356 3436 πνικτοῦ
376 3423 426 3437 ...
446 3382 567 3450 σίφωνος
585 3379 664 3435 Voss,
681 3385 726 3435 19:
745 3378 898 3448 πνικτοῦῆ
915 3380 1062 3450 καμπύλου
1077 3381 1141 3436 δια-

36 3461 37 3466 ’
134 3449 248 3524 βήτουο
306 3458 340 3506 10
354 3449 651 3523 συνεστεγνωμένοςΤι
667 3449 1000 3521 σννεστεγνωσμένοςΑδι
1055 3457 1140 3525 11τῷ

133 3521 225 3592 τεύχει
242 3521 284 3578 M:
303 3524 333 3578 τὸ
352 3525 434 3596 τεύχη
455 3539 473 3578 ο
