2594 3892
42 3585 95 3600 a-

139 169 202 234 196
253 170 403 240 ,amnon
421 165 687 229 ΑΛΕΞΑΝΔΡΕΩΣ
706 171 974 225 numum
992 173 1024 226 κ

137 334 220 398 ώστε
241 334 285 416 μή
310 331 478 399 ἐκπίπτειν
500 333 537 398 τὸ
561 333 722 416 λεπίόιον,
748 331 765 397 ὃ
789 334 830 416 δή
854 338 999 399 καλεῖται
1022 338 1146 400 πλατυι

137 439 284 523 σμάτιον.
330 438 393 504 ἀπὸ
423 434 460 503 δέ
487 447 547 504 τοῦ
572 444 599 502 Ζ
631 436 741 525 ἕτερος
768 437 965 506 ἀνατεινέτω
993 441 1104 524 σωλήν
1126 440 1144 506 ὁ

139 550 192 618 ςΖ
220 543 479 631 συντετρημένος
507 542 605 635 ἑτέρῳ
634 551 756 629 σωλήνι
783 549 911 633 πλαγίῳ
938 555 984 632 τῷ
1007 554 1080 630 (ὣ,
1107 545 1145 612 έν

136 643 163 739 ᾧ
190 649 434 718 έπικείσθωσαν
462 653 493 716 οἱ
521 651 618 718 αὐλοὶ
646 651 899 738 συντετρημένοι
928 652 1017 741 αὐτῷ
1043 655 1076 720 οἱ
1102 659 1145 741 ,Α

135 755 190 824 καὶ
213 761 344 843 ἔχοντες
367 756 402 826 έκ
424 769 492 824 τών
513 759 600 826 κάτω
623 770 733 845 μερῶν
754 760 905 844 καθάπερ
928 762 1144 845 γλωσσόκομα
1172 776 1186 818 ⁶

136 863 380 951 συντετρημένα
407 864 534 948 αάτοίς,
563 859 611 930 ὧν
637 867 677 930 τά
704 868 848 950 στόματα
871 864 1038 954 ἀνεῳγότα
1061 869 1143 932 ἔστω

134 973 174 1036 τά
206 975 253 1057 ,Β.
308 973 365 1036 ἀιά
399 967 436 1036 δὲ
467 982 534 1037 τῶν
566 973 737 1056 στομάτων
768 974 807 1037 τά
838 973 975 1057 πώματα
1007 974 1142 1039 διώσθο

133 1079 281 1162 τρήματα
308 1079 440 1161 ἔχοντα,
468 1079 551 1143 ώστε
578 1077 801 1163 εἰσαγομένων
827 1089 895 1144 τῶν
917 1081 1081 1165 πωμάτων
1103 1081 1144 1144 τά

137 1183 173 1248 ἑν
191 1184 304 1260 αὐτοῖς
321 1186 469 1270 τρήματα
486 1185 673 1268 κατάλληλα
691 1188 845 1268 γίνεσθαι
864 1196 933 1262 τοῖς
951 1197 1018 1251 τῶν
1031 1185 1143 1251 αὐλῶν

134 1292 306 1376 τρήμασιν,
321 1288 528 1375 ἐξαγομένων
542 1286 579 1355 δὲ
591 1292 837 1376 παραλλάσσειν
849 1290 904 1356 καλ
914 1291 1143 1378 ἀποφράττειν
1157 1311 1183 1351 1ο

133 1399 211 1473 τοὺς
238 1395 370 1472 αὐλούς.
416 1395 475 1462 έάν
499 1392 601 1462 οὖνὸ
624 1399 763 1480 πλάγιος
785 1398 897 1463 κανὼν
918 1399 1143 1482 κηλωνεάηται

135 1504 191 1568 ἀιά
211 1512 271 1568 τοῦ
293 1507 324 1567 Φ
343 1504 389 1580 είς
407 1504 444 1568 τὸ
462 1504 549 1568 κάτω
568 1501 677 1588 μέρος,
696 1503 714 1569 ὁ
734 1507 800 1568 ΡΣ
815 1503 973 1588 έμβολεὺς
991 1503 1142 1583 έκθλίνει

134 1611 406 1696 μετεωριζόμενος
437 1609 496 1674 τὸν
528 1609 565 1675 ἐν
596 1620 635 1696 τῇ
662 1609 808 1683 ΝΞΟΠ
834 1609 947 1689 πυξίδι
980 1610 1073 1697 ἀέρα,
1106 1610 1143 1687 ὃς

133 1714 320 1780 ἀποκλείσει
342 1711 404 1799 μέν
426 1716 462 1780 τὸ
487 1713 524 1781 έν
546 1723 592 1803 τῷ
610 1718 644 1779 Ω
666 1713 804 1804 πυξιάίῳ
828 1716 980 1801 τρύπημα
1004 1718 1059 1782 όιά
1082 1725 1142 1782 τοῦ

133 1819 376 1906 προειρημένου
420 1826 681 1907 πλατυσματίου·
726 1825 867 1908 χωρήσει
908 1819 945 1888 δὲ
986 1825 1042 1888 διὰ
1082 1832 1143 1889 τοῦ
1157 1841 1183 1883 ιι

133 1929 289 1991 ΜΛΚΗ
314 1933 463 2012 σωλήνος
491 1931 537 2005 είς
560 1929 618 1994 τὸν
640 1927 772 2012 πνιγέα·
800 1928 835 1995 ἐκ
859 1926 895 1994 ἀὲ
918 1938 978 1995 τοῦ
1001 1928 1142 2013 πυιγέως

132 2033 273 2118 χωρήσει
297 2034 343 2109 είς
366 2034 426 2099 τὸν
448 2034 591 2116 πλάγιον
614 2039 745 2118 σωλήνα
768 2035 827 2100 τὸν
850 2043 903 2113 m
928 2033 1066 2102 διάτοῦ
1090 2041 1143 2111 ςΖ

134 2144 294 2222 σωλήνος·
318 2137 353 2203 έκ
377 2135 414 2204 δὲ
436 2148 496 2204 τοῦ
519 2143 661 2223 πλαγίου
683 2147 832 2225 σωλήνος
855 2144 901 2219 είς
924 2145 1001 2220 τοὺς
1019 2142 1143 2220 αὐλοὺς

133 2247 288 2331 χωρήσει,
316 2244 396 2310 ὅταν
422 2247 608 2329 κατάλληλα
634 2238 655 2333 ᾖ
682 2250 815 2332 κείμενα
843 2247 908 2334 [έν]
935 2260 1005 2326 τοῖς
1028 2249 1142 2326 αὐλοῖς
1219 2331 1224 2344 ¹

132 2352 172 2415 τά
195 2350 307 2418 ἐνί
254 2363 323 2429 τοίς
345 2353 476 2437 πώμασι
498 2355 655 2438 τρήματα,
678 2353 848 2420 τουτέστιν
867 2355 947 2422 ὅταν
966 2355 1142 2441 εἰσηγμένα
1156 2376 1182 2416 ιο
1293 2384 1294 2388 “

200 2563 221 2609 a
250 2553 379 2612 11-20
411 2542 525 2611 ἐὰν
490 2574 585 2613 ουν
626 2551 696 2619 ,τὰ
722 2551 755 2614 ἐν
780 2559 843 2627 τοῖς
869 2554 986 2634 πώμασι
1011 2555 1142 2637 τρήματα

134 2664 176 2686 =
199 2632 222 2697 b
253 2641 395 2699 22-32:
432 2637 485 2701 ἐὰν
517 2631 574 2702 οὖν
606 2639 621 2701 ὁ
654 2642 775 2723 πλάγιος
809 2641 909 2704 κανών
940 2646 1141 2723 κηλωνεάηται

134 2725 182 2786 όιά
214 2736 266 2788 τοῦ
301 2730 329 2786 Φ
360 2726 466 2800 είςὸ
433 2751 449 2789 τ
497 2729 576 2790 κάτω
608 2728 758 2810 μέρος,ὁ
785 2731 884 2793 ΡΣέ
886 2733 1012 2812 μβολεὺς
1043 2756 1140 2816 κατερ-

133 2814 255 2895 χόμενος
286 2814 474 2877 ἐπισπάσεται
506 2815 577 2899 ἀέρα
605 2818 654 2879 διὰ
681 2828 734 2880 τοῦ
762 2818 794 2880 έν
820 2843 861 2905 τῳ
888 2821 1014 2907 πνξιδίῳ
1041 2825 1141 2906 τῳΩ

132 2905 315 2983 πλατοσματί
313 2927 350 2966 ον
377 2903 572 2986 ἀνοιγομένου
600 2907 642 2980 είς
668 2907 723 2986 τήν
747 2904 811 2975 ΝΞ
814 2912 879 2970 ΟΠ
896 2884 1020 2988 πυξίδά,
1048 2883 1140 2983 άάθις
1154 2925 1181 2967 ει
1291 2945 1294 2973 ι

134 2990 166 3052 δὲ
193 2990 385 3074 ἀνερχόμενος
413 2993 462 3054 διὰ
486 3004 539 3057 τοῦ
561 2995 804 3076 κηλωνευομένου
826 2997 953 3070 κανόνος
977 2996 1098 3059 ἀποκλεί
1085 3000 1140 3060 ίσει

133 3078 186 3161 μὲν
214 3079 245 3142 τὸ
274 3079 370 3163 ῥηθὲν
397 3085 629 3164 πλατυσμάτιον,
657 3083 708 3147 τὸν
732 3083 763 3146 ἀὲ
786 3083 857 3167 ἀέρα
880 3083 992 3164 ώθήσει
1014 3085 1064 3147 διὰ
1087 3097 1139 3149 τοῦ

134 3173 282 3230 ΜΛΚΗ
300 3176 432 3250 σωλῆνας
454 3173 513 3322 είςὸ
519 3172 570 3234 τόν
593 3171 710 3255 πνιγέα·
733 3173 765 3235 ἐκ
787 3171 819 3234 δὲ
836 3184 889 3236 τοῦ
908 3172 1033 3255 πνιγέως
1051 3177 1139 3238 πάλιν

133 3257 182 3318 διὰ
204 3269 257 3321 τοῦ
275 3263 327 3319 Ζς
319 3259 513 3412 ἐσωληνοςὸ
533 3260 589 3344 ἀήρ
608 3263 731 3345 χωρήσει
749 3264 791 3336 είς
809 3261 860 3324 τὸν
878 3264 1003 3345 πλάγιον
1022 3269 1139 3346 σωλήνα

131 3347 183 3409 τὸν
216 3347 352 3424 (Μ’ἒκ
384 3347 500 3412 δὲτοιλ
532 3353 657 3432 πλαγίου
690 3356 820 3431 σωληνος
849 3351 972 3433 χωρήσει
1000 3354 1042 3428 είς
1069 3354 1138 3429 τοὺς
1152 3369 1180 3410 80

132 3435 257 3516 αὐλούς,
285 3437 355 3500 ὅταν
382 3440 545 3518 κατάλληλα
572 3433 625 3501 ώσι
652 3441 770 3520 κείμενα
798 3437 856 3519 [ἐν]
884 3447 947 3516 τοῖς
975 3441 1077 3516 αὐλοις
1103 3443 1138 3505 τά

133 3522 164 3586 ἐν
186 3531 248 3599 τοῖς
271 3527 389 3607 πώμασι
411 3528 548 3611 τρήματα.
