2596 3886
136 162 202 226 312
255 165 405 218 ΗΡΩΝΟΣ
423 161 689 224 ΔΑΕΞΑΝΔΡΕΩΣ
707 167 975 220 ΠΝΕΤΜΔΤΙΚΩΝ
993 170 1023 220 Β.

134 335 196 391 τοῦ
229 323 303 402 ἑνὸς
334 325 454 412 μέρους
486 336 546 393 τοῦ
577 328 660 414 πρὸς
691 335 737 414 τῷ
765 327 805 401 Ξ·
838 329 870 393 ολ
903 325 939 392 δέ
971 327 1083 395 λοιποὶ
1112 328 1144 408 ἐξ

135 430 291 518 ἑκατέρου
317 431 438 518 μέρους
466 433 772 519 διατετρήσθωσαν,
798 432 853 499 καὶ
879 437 1025 500 ἔστωσαν
1048 430 1145 501 αὗται

135 539 168 602 αἱ
192 536 289 625 ἀρχαὶ
313 537 346 616 ἐξ
371 537 526 625 ἑκατέρου
550 541 596 616 είς
619 541 679 623 τὴν
702 542 813 626 χώραν
835 541 896 623 τὴν
917 540 953 605 ἐν
971 541 1059 629 μέσῳ
1077 554 1145 608 τῶν

133 645 332 731 κυλίνδρων.
364 649 536 710 καθείσθω
552 643 1145 732 δὲείςτὴνχώραντὴνάπολαμβανο-

133 751 237 836 μένην
263 753 329 816 ὑπὸ
356 762 424 816 τῶν
452 752 515 817 δύο
541 753 732 839 κυλίνδρων
759 753 821 818 δύο
850 754 1083 855 διαφράγματα
1105 758 1146 821 κά
1173 774 1187 814 5

134 862 217 941 ΕΗ,
247 862 311 924 ΖΘ
334 857 611 942 ἀπολαμβάνοντα
633 861 745 945 χώραν
766 861 829 943 τὴν
852 863 891 924 Η
894 863 1005 943 ΘΕΖ,
1034 863 1081 938 είς
1102 863 1146 946 ἣν

133 966 304 1050 τετρήσθω
336 965 373 1029 τὸ
407 963 581 1050 εἰρημένον
614 967 822 1052 σωληνάριον
853 968 890 1031 τὸ
921 967 957 1044 ἐκ
984 977 1044 1032 τοῦ
1072 966 1147 1045 ἑνὸς

134 1068 255 1156 μέρους
290 1069 497 1156 τετρημένον.
553 1070 730 1136 ἐννοείσθω
763 1069 801 1137 δὲ
832 1081 879 1160 τῷ
911 1072 1146 1160 έπιφράνματι,

134 1175 282 1241 τουτέστι
309 1185 355 1263 τῷ
380 1181 463 1261 ΗΘ,
493 1178 702 1264 σωληνάριον
729 1181 806 1262 ἔχον
831 1181 867 1244 τὸ
892 1181 1054 1267 ζῳδάριον
1077 1180 1146 1246 ἐπι·
1174 1195 1176 1198 ’

134 1286 288 1366 κείμενον
314 1281 369 1348 καὶ
397 1283 671 1370 συντετρημένων·
699 1283 753 1350 καὶ
783 1287 899 1350 διόλου
925 1283 1021 1352 δὲτὸ
1046 1289 1146 1375 ζῳδα-
1161 1308 1188 1347 1⁰

135 1390 246 1475 ρίδιον
277 1392 448 1475 τετρήσθω
476 1388 531 1454 καλ
560 1389 795 1475 ἐπικεκάμφθω
822 1393 906 1478 πρὸς
932 1393 969 1457 τὸ
997 1391 1147 1459 ἐννεύαν

135 1499 182 1573 είς
213 1497 274 1579 τὴν
305 1509 373 1592 τῶν
405 1496 585 1583 ἀνθράκων
612 1499 731 1583 χώραν.
782 1501 865 1584 πρὸς
892 1495 929 1564 δὲ
956 1500 993 1564 τὸ
1022 1499 1147 1565 ὁπόταν

134 1605 333 1689 βουλώμεθα
365 1604 409 1688 μὴ
437 1613 549 1687 φυσᾶν
575 1605 612 1669 τὸ
641 1604 802 1692 ζωδάριον
830 1605 848 1670 ὁ
877 1609 1002 1690 σωλήν,
1035 1605 1085 1691 ἐφ’
1118 1599 1146 1694 ᾦ

134 1710 292 1793 κάθηται,
321 1710 622 1796 συνεσμηρισμένος
650 1713 731 1776 ἔστω
762 1709 875 1799 ἑτέρω,
903 1712 947 1787 ὡς
975 1712 1055 1777 ὅταν
1077 1710 1146 1778 έπι-

130 1814 327 1901 στρέψωμεν
359 1815 462 1880 αὐτὸν
494 1818 541 1892 εἰς
572 1817 609 1881 τὸ
642 1815 703 1895 ἔξω
731 1816 844 1902 μέρος,
876 1817 985 1883 οὐκέτι
1013 1821 1145 1907 φυσήσῃ
1160 1838 1188 1880 ιι

135 1961 257 2042 τρήσθω
288 1967 328 2046 τῷ
355 1963 485 2024 ΕΖΗΘ
513 1963 676 2048 κυλίνδρῳ,
708 1963 740 2025 οἱ
769 1961 800 2024 δὲ
827 1963 925 2026 λοιποὶ
951 1963 980 2038 ἐξ
1008 1963 1171 2046 ἑκατέρου

137 2049 254 2132 μέρους,
273 2049 344 2111 ὥστε
356 2044 453 2111 είναιλ
476 2051 585 2124 αὐτοὺς
604 2051 645 2123 είς
663 2049 753 2132 ἀρχάς
770 2051 821 2113 καί
840 2052 868 2127 ἕξ
888 2051 1024 2134 ἑκατέρου
1039 2052 1146 2136 μέρους

134 2141 177 2212 είς
204 2139 260 2218 τὴν
288 2140 386 2221 χώραν
413 2139 468 2218 τὴν
497 2140 603 2218 μεταξυ
630 2149 688 2201 τῶν
713 2141 888 2222 κυλίνδρων.
935 2142 1090 2228 διῃρήσθω
1114 2142 1146 2205 δὲ

134 2226 261 2309 ἡχώρα
289 2229 362 2305 αλίτη
391 2227 440 2289 διά
470 2229 524 2290 δύο
553 2228 782 2310 διαφράγμάτων
805 2239 858 2292 τοῦ
880 2253 910 2290 τε
932 2234 997 2291 ΗΕ
1019 2231 1145 2294 καὶτοῦ

134 2319 194 2377 ΖΘ
221 2315 483 2398 λάπολαμβάνοντα
505 2317 601 2398 χώραν
624 2317 679 2396 τὴν
701 2321 738 2377 Η
740 2320 845 2397 ΘΖΕ
868 2319 910 2392 εἰς
933 2317 971 2398 ἣν
994 2320 1145 2400 τετρήσθω
1159 2335 1186 2376 ιο
1279 2371 1295 2388 ς

134 2404 166 2467 τὸ
191 2405 347 2487 εἰρημένω
370 2405 554 2486 σωληνάριον
576 2404 608 2466 τδ
627 2405 659 2466 ἐκ
678 2415 730 2468 του
749 2405 815 2480 ἓνδς
835 2405 942 2489 μέρους
959 2407 1145 2490 τετρημένον,

135 2492 263 2556 τουτέστι
290 2493 322 2555 τδ
350 2491 417 2560 ΛΞ.
468 2493 628 2555 ἕπικείσθω
655 2493 687 2556 δὲ
713 2501 753 2602 τῷ
776 2497 841 2558 ΗΘ
868 2495 1066 2579 έπιφράγματι
1092 2507 1145 2560 τοῦ

135 2586 266 2644 ΗΕΖΘ
284 2583 445 2664 κυλίνδρου
464 2584 656 2664 σωληνάριον,
679 2571 753 2646 έν
731 2607 754 2668 ῳ
773 2583 964 2661 ἐφεστάτω
937 2609 969 2647 το
989 2587 1144 2672 ζωδάριον·

136 2669 152 2733 δ
182 2671 218 2751 δὴ
248 2671 432 2753 σωληνάριου
460 2671 509 2732 διὰ
535 2683 588 2734 τοῦ
616 2671 756 2752 στόματος
783 2683 835 2735 τοῦ
864 2674 1008 2759 ζωδαρίου
1033 2674 1145 2757 ἐξερχό-

136 2783 227 2840 μενον
252 2758 454 2822 έπικεκλάσθω
478 2759 604 2841 πρδς
574 2785 629 2839 την
651 2771 710 2822 τῶν
733 2760 895 2842 ἀνθράκων
918 2764 1067 2844 πυρκαϊὰν
1090 2763 1145 2843 τὴν
1160 2776 1187 2818 ²⁵

136 2852 271 2909 ΤΥΦΧ.
321 2847 395 2928 πρὸς
428 2847 460 2910 δὲ
492 2848 524 2910 τὸ
558 2847 668 2911 ὁπόταν
700 2851 877 2931 βουλώμεθα
909 2851 950 2932 μὴ
983 2863 1084 2930 φυσᾶν
1113 2852 1145 2915 τὸ

136 2938 281 3023 ζωδάριον
309 2935 324 2998 δ
354 2937 464 3018 σωλήν,
492 2925 590 3050 ἔμ’
567 2962 590 2998 ω
596 2940 755 3087 ἐκάθηται,
784 2940 1092 3021 συνεσμηρισμένος”
1074 2959 1146 3004 εστω

135 3025 221 3112 ἑτέρω
248 3033 288 3111 τῷ
319 3028 403 3105 ΨΩ,
431 3025 471 3099 ὡς
499 3026 569 3088 ὅταν
596 3026 815 3108 ἐπιστρέψωμεν
842 3028 932 3090 αὐτὸν
963 3030 1004 3102 είς
1031 3030 1063 3091 τὸ
1091 3030 1146 3104 ἔξω

207 3196 370 3264 θαυταιυ,
395 3197 520 3267 spurium
537 3196 648 3251 videtur
666 3201 714 3267 (an
732 3200 853 3288 αάτρίςθ)
925 3197 1007 3266 6ἣνε
1029 3199 1144 3271 affl„

135 3286 203 3395 203³
214 3268 258 3412 Τῷ
277 3340 300 3392 Τ
316 3274 347 3322 11
363 3237 512 3336 ένεάεινα,
528 3269 640 3340 eornT²
707 3265 768 3321 13’
755 3289 791 3339 ιφ
795 3201 881 3324 AG:
898 3264 964 3334 έξΤ
1028 3276 1062 3324 14
1077 3241 1145 3325 ἔστω

208 3469 241 3516 16
264 3464 358 3519 λοιποὶ
379 3465 428 3519 καλ
450 3463 499 3518 BC
583 3467 687 3518 17-18
709 3469 741 3517 αλ
764 3469 789 3517 et
811 3465 849 3518 σά
867 3464 1011 3534 μνάιαίρία
1033 3467 1147 3521 tendant

59 3582 109 3592 Α
136 3536 182 3592 (=
191 3541 282 3589 τεῖναι
287 3538 311 3603 1)
325 3542 396 3590 etex
409 3542 524 3606 utraque
534 3541 615 3604 parte
628 3535 666 3588 ad
680 3535 766 3588 locum
780 3536 829 3603 qui
841 3535 912 3590 inter
926 3537 1066 3608 cylindros
1077 3537 1145 3592 estL
