2608 3880
179 145 223 208 10
299 147 449 201 Ηεεεειοε
467 133 733 206 mmmm
752 149 1020 202 Παευιιλυιιωειι
1038 151 1070 203 A.

177 325 235 373 σιν
262 310 309 384 εἰς
335 310 372 373 τὸ
399 309 515 394 ὑγρόν,
542 307 597 374 καὶ
624 309 802 387 ἀνεθέντος
829 321 888 376 τοῦ
916 310 1083 376 δακτύλου
1109 309 1189 375 ἀνα-

179 424 299 480 σπᾶται
322 415 369 491 εἰς
386 416 446 480 τὸν
463 414 653 481 κενωθέντα
670 418 774 483 τύπον
791 417 828 482 τὸ
847 417 949 503 ὕδωρ,
972 420 1079 498 καίτοι
1100 419 1189 502 παρὰ

177 521 283 605 φύσιν
310 530 368 604 της
396 531 502 608 φορᾶς
530 523 598 586 ἀνω
626 522 806 612 γενομένης
837 532 883 611 τῷ
913 522 1014 610 ὑγρῷ.
1064 521 1119 588 καὶ
1150 525 1188 588 τὸ

176 625 253 712 περὶ
289 628 351 710 την
384 628 503 692 σικύαν
535 625 573 693 δὲ
605 631 790 713 συμβαῖνον
822 629 882 694 οὐκ
914 629 1091 714 ἀλλότριον
1122 641 1189 694 τῶν

176 731 426 819 προειρημένων
452 733 605 820 ὑπάρχει·
637 734 896 820 προστιθέμεναι
923 737 986 822 γάρ
1015 731 1111 801 αὑται
1142 745 1189 824 τῷ
1216 752 1229 792 5

177 840 303 923 σώματι
336 838 376 904 ού
408 841 513 924 μόνον
546 839 606 904 οὐκ
638 839 881 907 ἀποπίπτουσιν
912 842 1028 906 λκανὸν
1054 845 1189 926 ἔχουσαι

176 946 290 1030 βάρος,
305 943 388 1010 ἀλλά
402 943 457 1008 καλ
471 954 760 1030 προσεπισπῶνται
773 948 835 1030 τὴν
848 946 1091 1033 παρακειμένην
1103 947 1190 1032 ὑλην

176 1053 235 1116 διά
257 1061 324 1116 τῶν
342 1059 402 1116 τοῦ
421 1052 570 1136 σώματος
588 1051 806 1137 ἀραιωμάτων
825 1051 868 1118 δι’
891 1055 1001 1118 αἰτίαν
1018 1054 1189 1137 τοιαύτην·

176 1153 345 1241 ἐμβληθὲν
367 1159 431 1244 γάρ
454 1157 492 1222 έν
514 1157 629 1236 αὐταῖς
650 1159 688 1223 τὸ
710 1167 778 1245 πῦρ
802 1162 935 1246 φθείρει
957 1158 1013 1224 καὶ
1036 1161 1189 1226 λεπτύνει

177 1265 237 1329 τὸν
269 1262 512 1348 ἀπειλημμένον
543 1262 580 1329 έν
611 1265 726 1342 αὐταίς
754 1265 848 1350 ἀέρα,
878 1266 1030 1352 καθάπερ
1062 1265 1117 1331 καὶ
1148 1269 1189 1332 τὰ
1203 1285 1230 1324 1⁰

178 1372 262 1436 ἀλλα
289 1371 421 1454 σώματα
447 1371 513 1436 ὑπὸ
540 1380 600 1437 τοῦ
627 1373 733 1457 πυρὸς
760 1374 939 1458 φθείρεταί
959 1395 995 1436 τε
1016 1370 1072 1436 καὶ
1094 1396 1190 1457 μετα-

178 1477 292 1560 βάλλει
315 1479 362 1553 ελς
385 1475 580 1563 λεπτοτέρας
603 1477 728 1560 οὐσίας,
751 1475 835 1561 λέγω
859 1479 900 1560 δη
922 1477 1014 1564 ὕδωρ
1035 1477 1090 1544 καὶ
1109 1478 1190 1565 ἀέρα

176 1581 232 1648 καλ
255 1592 327 1666 γῆν.
372 1582 423 1648 ὅτι
446 1579 507 1666 μέν
529 1585 591 1668 γάρ
616 1586 801 1668 φθείρεται,
825 1585 929 1667 δῆλον
951 1584 986 1649 έκ
1008 1596 1076 1650 τῶν
1097 1608 1190 1672 περι-

171 1681 382 1772 λειπομένων
413 1688 606 1772 ἀνθράκων·
644 1685 737 1754 οὑτοι
768 1691 831 1775 γὰρ
862 1691 922 1754 τὸν
953 1690 1056 1756 αὑτὸν
1087 1693 1190 1775 ὄγκον

176 1795 457 1877 διαφυλάττοντες
475 1802 521 1883 τῷ
545 1793 577 1874 ἐξ
601 1794 702 1881 ἀρχῆς
723 1797 788 1881 πρὸ
812 1805 872 1860 τοῦ
895 1795 956 1878 την
977 1806 1098 1863 καῦσιν
1120 1797 1189 1863 έπι-
1203 1815 1229 1856 16

176 1898 338 1978 δέξασθαι
373 1899 394 1984 ἢ
431 1899 532 1988 ὀλίγφ
571 1898 742 1984 έλάσσονα,
778 1903 873 1987 παρά
898 1904 984 1968 πολὺ
1016 1913 1063 1993 τοῦ
1094 1905 1189 1991 βάρει

176 2007 416 2073 διαλλάσσουσι
434 2015 494 2071 τοῦ
513 2005 546 2084 ἐξ
569 2005 678 2092 ἀρχῆς.
715 2017 814 2092 χωρεῖ
837 2003 874 2076 δὲ
896 2009 936 2073 τά
959 2009 1189 2096 διεφθαρμένα

175 2125 245 2178 τῶν
275 2112 435 2196 σωμάτων
457 2113 513 2176 διά
535 2123 603 2177 τών
624 2124 760 2178 καπνῶν
783 2119 830 2190 είς
853 2138 888 2179 τε
909 2116 1047 2201 πυρώδη
1072 2117 1190 2182 οὐσίαν

174 2217 232 2284 καὶ
265 2217 393 2304 ἀερώδη
425 2215 479 2282 καὶ
511 2219 632 2302 γεώδη·
663 2221 703 2284 τά
735 2215 796 2304 μὲν
827 2221 890 2306 γὰρ
922 2223 1101 2308 λεπτότερα
1131 2233 1189 2307 τῆς

174 2330 312 2409 φθορᾶς
334 2326 381 2400 ελς
399 2324 458 2388 τὸν
481 2323 635 2390 ἀνωτάτω
659 2335 759 2410 χωρεῖ
776 2328 889 2409 τόπον,
912 2329 1059 2414 ἔνθαπερ
1078 2326 1133 2392 καί
1150 2329 1188 2394 τὸ
1203 2346 1229 2387 2⁰

175 2439 258 2515 πῦρ·
281 2431 321 2494 τά
344 2427 381 2495 δὲ
399 2429 526 2494 τούτων
544 2439 651 2517 μικρῷ
668 2431 934 2518 παχυμερέστερα
953 2433 1000 2508 εἰς
1017 2433 1077 2497 τὸν
1095 2432 1188 2520 ἀέρα·

175 2537 217 2601 τά
241 2532 278 2601 δέ
301 2537 349 2602 ἔτι
371 2537 500 2601 τούτων
521 2537 688 2623 παχύτερα
708 2536 760 2603 ἐπὶ
778 2539 885 2604 ποσὸν
904 2525 1189 2624 συνανενεχθέντα

168 2630 247 2728 ζτοίς
270 2642 455 2729 εἰρημένοις
477 2644 534 2708 διά
556 2645 617 2727 τὴν
641 2654 760 2729 συνεχῆ
789 2647 900 2731 φοράν
926 2645 1028 2709 πάλιν
1055 2647 1102 2722 εἰς
1129 2646 1189 2710 τὸν

175 2749 263 2814 κάτω
286 2752 480 2834 χωρήσαντα
502 2752 606 2815 τύπον
628 2761 698 2828 τοῖς
720 2752 858 2834 γεώδεσι
882 2750 1049 2816 συνάπτει.
1094 2774 1190 2835 μετα-

1 2855 2 2896 ³
66 2904 69 2910 ‚
177 2855 292 2938 βάλλει
315 2851 352 2921 δέ
374 2853 429 2920 καὶ
452 2857 489 2921 τὸ
512 2855 603 2942 ὕδωρ
627 2857 674 2934 εἰς
697 2855 777 2942 ἀέρα
800 2859 1027 2942 φθειρόμενον
1044 2857 1109 2922 ὑπὸ
1128 2865 1188 2923 τοῦ
1203 2875 1230 2916 25

177 2964 295 3048 πυρός·
324 2963 356 3027 ολ
382 2964 446 3048 γάρ
475 2962 511 3026 ἐκ
537 2973 605 3027 τῶν
627 2962 879 3048 ὑποκαιομένου
902 2965 1049 3046 λεβήτων
1072 2960 1186 3050 ἀτμολά

122 3061 165 3128 148
178 3069 239 3135 οὐκ
262 3070 343 3134 ἀλλο
366 3071 402 3134 τί
422 3069 508 3134 εἰσιν
530 3067 550 3151 ἢ
574 3071 609 3134 αἱ
629 3079 689 3135 τοῦ
707 3069 814 3155 ὑγροῦ
832 3069 1025 3146 λεπτύνσεις
1043 3069 1090 3146 είς
1108 3067 1190 3155 ἀέρα

178 3184 354 3261 χωροῦσαι.
400 3175 450 3240 ὅτι
478 3170 539 3259 μέν
569 3169 632 3240 οὑν
658 3176 695 3240 τὸ
718 3185 786 3261 πῦρ
809 3175 938 3240 διαλύει
960 3177 1000 3240 τά
1022 3176 1189 3260 παχύτερα

251 3364 492 3436 1ἀναιρεθέντος
513 3367 558 3436 Τ,
583 3383 650 3421 corr.
670 3366 703 3438 T²
780 3372 812 3420 12
836 3367 884 3421 καὶ
907 3368 1002 3424 om.T
1076 3373 1110 3440 13
1135 3368 1189 3438 γάρ

178 3437 269 3492 om.T
343 3444 375 3493 15
394 3443 432 3509 τῷ
451 3454 503 3492 om.
519 3407 564 3508 ιζ,
584 3454 650 3491 corr.
666 3437 700 3510 ν,
776 3444 808 3492 16
827 3443 864 3510 τε
885 3438 965 3511 μερει
983 3440 1043 3496 νο,
1066 3440 1097 3494 ιι
1117 3440 1189 3514 χιιι

186 3507 253 3580 QG„
273 3517 309 3562 τῶ
329 3525 396 3563 corr.
413 3507 447 3580 G,
519 3514 551 3562 22
571 3507 730 3578 ἀνεχθέντα
748 3507 793 3581 T„
812 3525 880 3564 corr.
898 3509 931 3582 T,
1002 3517 1036 3567 26
1055 3511 1191 3567 ὑποκαιο-

77 3496 130 3504 4-
