<?xml version="1.0" encoding="UTF-8"?>
<!DOCTYPE html PUBLIC "-//W3C//DTD XHTML 1.0 Transitional//EN"
    "http://www.w3.org/TR/xhtml1/DTD/xhtml1-transitional.dtd">
<html xmlns="http://www.w3.org/1999/xhtml" xml:lang="en" lang="en">
 <head>
  <title>
</title>
<meta http-equiv="Content-Type" content="text/html;charset=utf-8" />
  <meta name='ocr-system' content='tesseract 3.04.00' />
  <meta name='ocr-capabilities' content='ocr_page ocr_carea ocr_par ocr_line ocrx_word'/>
</head>
<body>
  <div class='ocr_page' id='page_1' title='image "./heronisalexandr01schogoog_0097.png"; bbox 0 0 2608 3880; ppageno 0'>
   <div class='ocr_carea' id='block_1_1' title="bbox 161 223 1051 290">
    <p class='ocr_par' dir='ltr' id='par_1_1' title="bbox 161 223 1051 290">
     <span class='ocr_line' id='line_1_1' title="bbox 161 223 1051 290; baseline -0.006 -9"><span class='ocrx_word' id='word_1_1' title='bbox 161 227 204 290; x_wconf 76' lang='grc'><em>22</em></span> <span class='ocrx_word' id='word_1_2' title='bbox 280 227 428 279; x_wconf 77' lang='grc' dir='ltr'>ΗΡΩΝΟΣ</span> <span class='ocrx_word' id='word_1_3' title='bbox 448 223 713 284; x_wconf 75' lang='grc' dir='ltr'>ΔΑΒΞΑΝΔΡΕΩΣ</span> <span class='ocrx_word' id='word_1_4' title='bbox 732 224 1001 278; x_wconf 78' lang='grc' dir='ltr'><strong>ΠΝΕΤΜΑΤΙΚΩΝ</strong></span> <span class='ocrx_word' id='word_1_5' title='bbox 1019 224 1051 277; x_wconf 85' lang='grc' dir='ltr'><em>Α.</em></span> 
     </span>
    </p>
   </div>
   <div class='ocr_carea' id='block_1_2' title="bbox 92 383 1239 3025">
    <p class='ocr_par' dir='ltr' id='par_1_2' title="bbox 92 383 1239 3025">
     <span class='ocr_line' id='line_1_2' title="bbox 161 383 1173 474; baseline -0.007 -20"><span class='ocrx_word' id='word_1_6' title='bbox 161 390 299 474; x_wconf 77' lang='grc' dir='ltr'><em>σφαίρᾳ·</em></span> <span class='ocrx_word' id='word_1_7' title='bbox 333 387 372 452; x_wconf 92' lang='grc' dir='ltr'><em>οὐ</em></span> <span class='ocrx_word' id='word_1_8' title='bbox 405 390 467 472; x_wconf 84' lang='grc' dir='ltr'><em>γάρ</em></span> <span class='ocrx_word' id='word_1_9' title='bbox 500 391 632 471; x_wconf 84' lang='grc' dir='ltr'><em>μείζονα</em></span> <span class='ocrx_word' id='word_1_10' title='bbox 664 388 809 451; x_wconf 90' lang='grc' dir='ltr'><em>δυνατὸν</em></span> <span class='ocrx_word' id='word_1_11' title='bbox 841 383 999 468; x_wconf 91' lang='grc' dir='ltr'><em>γενέσθαι</em></span> <span class='ocrx_word' id='word_1_12' title='bbox 1028 385 1069 448; x_wconf 88' lang='grc' dir='ltr'><em>τά</em></span> <span class='ocrx_word' id='word_1_13' title='bbox 1090 383 1173 448; x_wconf 87' lang='grc' dir='ltr'><em>ὑπο-</em></span> 
     </span>
     <span class='ocr_line' id='line_1_3' title="bbox 161 491 1173 580; baseline -0.005 -21"><span class='ocrx_word' id='word_1_14' title='bbox 161 496 340 579; x_wconf 88' lang='grc' dir='ltr'><em>λειπόμενα</em></span> <span class='ocrx_word' id='word_1_15' title='bbox 358 502 418 559; x_wconf 86' lang='grc' dir='ltr'><em>τοῦ</em></span> <span class='ocrx_word' id='word_1_16' title='bbox 441 493 538 580; x_wconf 80' lang='grc' dir='ltr'><strong><em>ἀέρος</em></strong></span> <span class='ocrx_word' id='word_1_17' title='bbox 562 496 695 578; x_wconf 87' lang='grc' dir='ltr'><em>σώματα</em></span> <span class='ocrx_word' id='word_1_18' title='bbox 717 494 799 558; x_wconf 88' lang='grc' dir='ltr'><em>κατά</em></span> <span class='ocrx_word' id='word_1_19' title='bbox 821 493 880 557; x_wconf 90' lang='grc' dir='ltr'><em>τὸν</em></span> <span class='ocrx_word' id='word_1_20' title='bbox 902 491 1019 577; x_wconf 90' lang='grc' dir='ltr'><em>καιρὸν</em></span> <span class='ocrx_word' id='word_1_21' title='bbox 1042 499 1173 572; x_wconf 87' lang='grc' dir='ltr'><em>τοῦτον,</em></span> 
     </span>
     <span class='ocr_line' id='line_1_4' title="bbox 162 596 1173 686; baseline -0.004 -21"><span class='ocrx_word' id='word_1_22' title='bbox 162 602 245 665; x_wconf 83' lang='grc' dir='ltr'><em>ὥστε</em></span> <span class='ocrx_word' id='word_1_23' title='bbox 260 606 558 686; x_wconf 86' lang='grc' dir='ltr'><em>συναναπληρῶσαι</em></span> <span class='ocrx_word' id='word_1_24' title='bbox 573 601 632 665; x_wconf 91' lang='grc' dir='ltr'><em>τὸν</em></span> <span class='ocrx_word' id='word_1_25' title='bbox 645 612 712 665; x_wconf 85' lang='grc' dir='ltr'><em>τῶν</em></span> <span class='ocrx_word' id='word_1_26' title='bbox 726 596 998 685; x_wconf 85' lang='grc' dir='ltr'><em>έκκρουσθέντων</em></span> <span class='ocrx_word' id='word_1_27' title='bbox 1012 598 1173 682; x_wconf 86' lang='grc' dir='ltr'><em>σωμάτων</em></span> 
     </span>
     <span class='ocr_line' id='line_1_5' title="bbox 160 703 1173 793; baseline -0.005 -21"><span class='ocrx_word' id='word_1_28' title='bbox 160 710 276 773; x_wconf 88' lang='grc' dir='ltr'><em>τόπον·</em></span> <span class='ocrx_word' id='word_1_29' title='bbox 307 709 337 772; x_wconf 81' lang='grc' dir='ltr'><em>εί</em></span> <span class='ocrx_word' id='word_1_30' title='bbox 366 710 428 793; x_wconf 86' lang='grc' dir='ltr'><em>γάρ</em></span> <span class='ocrx_word' id='word_1_31' title='bbox 459 705 696 790; x_wconf 80' lang='grc' dir='ltr'><em>αὐξηθήσεται,</em></span> <span class='ocrx_word' id='word_1_32' title='bbox 724 707 885 790; x_wconf 79' lang='grc' dir='ltr'><strong><em>μηδεμιᾶς</em></strong></span> <span class='ocrx_word' id='word_1_33' title='bbox 917 703 1030 781; x_wconf 81' lang='grc' dir='ltr'><em>αὐτοῖς</em></span> <span class='ocrx_word' id='word_1_34' title='bbox 1058 703 1173 780; x_wconf 84' lang='grc' dir='ltr'><em>οὐσίας</em></span> 
     </span>
     <span class='ocr_line' id='line_1_6' title="bbox 161 809 1215 898; baseline -0.007 -20"><span class='ocrx_word' id='word_1_35' title='bbox 161 812 347 898; x_wconf 79' lang='grc' dir='ltr'><em>δυναμένης</em></span> <span class='ocrx_word' id='word_1_36' title='bbox 365 812 491 892; x_wconf 74' lang='grc' dir='ltr'><em>ἔξωθεν</em></span> <span class='ocrx_word' id='word_1_37' title='bbox 504 819 812 898; x_wconf 79' lang='grc' dir='ltr'><em>προσεισκριθῆναι,</em></span> <span class='ocrx_word' id='word_1_38' title='bbox 830 812 978 878; x_wconf 90' lang='grc' dir='ltr'><em>πιθανὸν</em></span> <span class='ocrx_word' id='word_1_39' title='bbox 995 811 1057 894; x_wconf 80' lang='grc' dir='ltr'><em>την</em></span> <span class='ocrx_word' id='word_1_40' title='bbox 1075 809 1172 893; x_wconf 82' lang='grc' dir='ltr'><em>αὐξη-</em></span> <span class='ocrx_word' id='word_1_41' title='bbox 1201 829 1215 871; x_wconf 81' lang='grc' dir='ltr'><em>ι</em></span> 
     </span>
     <span class='ocr_line' id='line_1_7' title="bbox 162 914 1173 1004; baseline -0.004 -19"><span class='ocrx_word' id='word_1_42' title='bbox 162 937 216 985; x_wconf 91' lang='grc' dir='ltr'><em>σιν</em></span> <span class='ocrx_word' id='word_1_43' title='bbox 243 919 402 1003; x_wconf 90' lang='grc' dir='ltr'><em>γενέσθαι</em></span> <span class='ocrx_word' id='word_1_44' title='bbox 433 921 514 984; x_wconf 89' lang='grc' dir='ltr'><em>κατά</em></span> <span class='ocrx_word' id='word_1_45' title='bbox 547 918 715 1004; x_wconf 87' lang='grc' dir='ltr'><em>ἀραίωσιν.</em></span> <span class='ocrx_word' id='word_1_46' title='bbox 747 918 829 1002; x_wconf 82' lang='grc' dir='ltr'><em>αὕτη</em></span> <span class='ocrx_word' id='word_1_47' title='bbox 862 914 900 982; x_wconf 74' lang='grc' dir='ltr'><em>δὲ</em></span> <span class='ocrx_word' id='word_1_48' title='bbox 926 919 1016 982; x_wconf 80' lang='grc' dir='ltr'><em>ἔσται</em></span> <span class='ocrx_word' id='word_1_49' title='bbox 1043 917 1063 1000; x_wconf 77' lang='grc' dir='ltr'>ἡ</span> <span class='ocrx_word' id='word_1_50' title='bbox 1091 918 1173 981; x_wconf 85' lang='grc' dir='ltr'><em>κατὰ</em></span> 
     </span>
     <span class='ocr_line' id='line_1_8' title="bbox 160 1021 1173 1111; baseline -0.003 -21"><span class='ocrx_word' id='word_1_51' title='bbox 160 1025 303 1091; x_wconf 81' lang='grc' dir='ltr'><em>κένωσιν</em></span> <span class='ocrx_word' id='word_1_52' title='bbox 324 1027 548 1111; x_wconf 83' lang='grc' dir='ltr'><em>παρεμπλοκή·</em></span> <span class='ocrx_word' id='word_1_53' title='bbox 571 1025 670 1090; x_wconf 89' lang='grc' dir='ltr'><em>κενὸν</em></span> <span class='ocrx_word' id='word_1_54' title='bbox 692 1021 729 1089; x_wconf 76' lang='grc' dir='ltr'><em>δὲ</em></span> <span class='ocrx_word' id='word_1_55' title='bbox 753 1023 852 1089; x_wconf 93' lang='grc' dir='ltr'><em>οὐδέν</em></span> <span class='ocrx_word' id='word_1_56' title='bbox 875 1041 979 1108; x_wconf 85' lang='grc' dir='ltr'><em>φασιν</em></span> <span class='ocrx_word' id='word_1_57' title='bbox 998 1024 1173 1107; x_wconf 81' lang='grc' dir='ltr'><em>ὑπάρχειν·</em></span> 
     </span>
     <span class='ocr_line' id='line_1_9' title="bbox 161 1128 1200 1218; baseline -0.004 -21"><span class='ocrx_word' id='word_1_58' title='bbox 161 1129 241 1198; x_wconf 71' lang='grc' dir='ltr'><em>οὐδὲ</em></span> <span class='ocrx_word' id='word_1_59' title='bbox 263 1134 327 1218; x_wconf 86' lang='grc' dir='ltr'><em>ἀρα</em></span> <span class='ocrx_word' id='word_1_60' title='bbox 350 1130 571 1216; x_wconf 76' lang='grc' dir='ltr'><em>αὐξηθήσεται</em></span> <span class='ocrx_word' id='word_1_61' title='bbox 593 1132 799 1216; x_wconf 81' lang='grc' dir='ltr'><em>τὰσώματα·</em></span> <span class='ocrx_word' id='word_1_62' title='bbox 823 1132 929 1214; x_wconf 87' lang='grc' dir='ltr'><em>ἀλλην</em></span> <span class='ocrx_word' id='word_1_63' title='bbox 952 1132 1015 1216; x_wconf 88' lang='grc' dir='ltr'><em>γάρ</em></span> <span class='ocrx_word' id='word_1_64' title='bbox 1034 1128 1173 1213; x_wconf 80' lang='grc' dir='ltr'><em>αὐξησιν</em></span> <span class='ocrx_word' id='word_1_65' title='bbox 1196 1159 1200 1167; x_wconf 93' lang='grc'><em>·</em></span> 
     </span>
     <span class='ocr_line' id='line_1_10' title="bbox 161 1235 1172 1323; baseline -0.005 -18"><span class='ocrx_word' id='word_1_66' title='bbox 161 1237 321 1323; x_wconf 76' lang='grc' dir='ltr'><em>οὐδεμίαν</em></span> <span class='ocrx_word' id='word_1_67' title='bbox 359 1237 472 1316; x_wconf 78' lang='grc' dir='ltr'><em>αὐτοῖς</em></span> <span class='ocrx_word' id='word_1_68' title='bbox 508 1237 668 1322; x_wconf 81' lang='grc' dir='ltr'><em>ἐσομένην</em></span> <span class='ocrx_word' id='word_1_69' title='bbox 703 1238 876 1322; x_wconf 78' lang='grc' dir='ltr'><em>ἐπινοῆσαι</em></span> <span class='ocrx_word' id='word_1_70' title='bbox 912 1238 1058 1301; x_wconf 89' lang='grc' dir='ltr'><em>δυνατόν</em></span> <span class='ocrx_word' id='word_1_71' title='bbox 1095 1235 1172 1301; x_wconf 82' lang='grc' dir='ltr'><em>ἐστι.</em></span> 
     </span>
     <span class='ocr_line' id='line_1_11' title="bbox 161 1336 1214 1431; baseline -0.005 -21"><span class='ocrx_word' id='word_1_72' title='bbox 161 1346 309 1431; x_wconf 85' lang='grc' dir='ltr'><em>φανερὸν</em></span> <span class='ocrx_word' id='word_1_73' title='bbox 334 1340 396 1410; x_wconf 93' lang='grc' dir='ltr'><em>οὐν</em></span> <span class='ocrx_word' id='word_1_74' title='bbox 414 1345 450 1410; x_wconf 86' lang='grc' dir='ltr'><em>έκ</em></span> <span class='ocrx_word' id='word_1_75' title='bbox 468 1357 534 1410; x_wconf 86' lang='grc' dir='ltr'><em>τῶν</em></span> <span class='ocrx_word' id='word_1_76' title='bbox 553 1343 745 1430; x_wconf 77' lang='grc' dir='ltr'><em>εἰρημένων,</em></span> <span class='ocrx_word' id='word_1_77' title='bbox 764 1345 814 1410; x_wconf 82' lang='grc' dir='ltr'><em>ὅτι</em></span> <span class='ocrx_word' id='word_1_78' title='bbox 831 1336 902 1421; x_wconf 79' lang='grc' dir='ltr'><em>τοῖς</em></span> <span class='ocrx_word' id='word_1_79' title='bbox 919 1339 980 1428; x_wconf 73' lang='grc' dir='ltr'><em>μὲν</em></span> <span class='ocrx_word' id='word_1_80' title='bbox 997 1351 1058 1408; x_wconf 89' lang='grc' dir='ltr'><em>τοῦ</em></span> <span class='ocrx_word' id='word_1_81' title='bbox 1077 1341 1174 1428; x_wconf 80' lang='grc' dir='ltr'><em>ἀέρος</em></span> <span class='ocrx_word' id='word_1_82' title='bbox 1187 1364 1214 1404; x_wconf 78' lang='grc' dir='ltr'><em>ιο</em></span> 
     </span>
     <span class='ocr_line' id='line_1_12' title="bbox 160 1447 1173 1537; baseline -0.004 -21"><span class='ocrx_word' id='word_1_83' title='bbox 160 1452 288 1536; x_wconf 84' lang='grc' dir='ltr'><em>σώμασι</em></span> <span class='ocrx_word' id='word_1_84' title='bbox 314 1450 543 1537; x_wconf 90' lang='grc' dir='ltr'><em>παρέσπαρταί</em></span> <span class='ocrx_word' id='word_1_85' title='bbox 566 1474 641 1516; x_wconf 90' lang='grc' dir='ltr'><em>τινα</em></span> <span class='ocrx_word' id='word_1_86' title='bbox 671 1449 791 1536; x_wconf 81' lang='grc' dir='ltr'><em>μεταξὺ</em></span> <span class='ocrx_word' id='word_1_87' title='bbox 813 1451 902 1533; x_wconf 83' lang='grc' dir='ltr'><em>κενά,</em></span> <span class='ocrx_word' id='word_1_88' title='bbox 925 1452 1000 1533; x_wconf 87' lang='grc' dir='ltr'><em>βίας</em></span> <span class='ocrx_word' id='word_1_89' title='bbox 1022 1447 1063 1513; x_wconf 92' lang='grc' dir='ltr'><em>δέ</em></span> <span class='ocrx_word' id='word_1_90' title='bbox 1082 1472 1173 1525; x_wconf 91' lang='grc' dir='ltr'><em>τινος</em></span> 
     </span>
     <span class='ocr_line' id='line_1_13' title="bbox 161 1557 1173 1642; baseline -0.002 -20"><span class='ocrx_word' id='word_1_91' title='bbox 161 1559 412 1642; x_wconf 77' lang='grc' dir='ltr'><em>προσελθούσης</em></span> <span class='ocrx_word' id='word_1_92' title='bbox 444 1561 616 1641; x_wconf 82' lang='grc' dir='ltr'><em>συνίζησιν</em></span> <span class='ocrx_word' id='word_1_93' title='bbox 648 1559 765 1641; x_wconf 82' lang='grc' dir='ltr'><em>πάσχει</em></span> <span class='ocrx_word' id='word_1_94' title='bbox 797 1559 887 1642; x_wconf 87' lang='grc' dir='ltr'><em>παρά</em></span> <span class='ocrx_word' id='word_1_95' title='bbox 920 1557 1026 1640; x_wconf 81' lang='grc' dir='ltr'><em>φύσιν</em></span> <span class='ocrx_word' id='word_1_96' title='bbox 1055 1557 1102 1632; x_wconf 83' lang='grc' dir='ltr'><em>είς</em></span> <span class='ocrx_word' id='word_1_97' title='bbox 1132 1557 1173 1620; x_wconf 86' lang='grc' dir='ltr'><em>τά</em></span> 
     </span>
     <span class='ocr_line' id='line_1_14' title="bbox 161 1660 1172 1752; baseline -0.003 -23"><span class='ocrx_word' id='word_1_98' title='bbox 161 1665 249 1729; x_wconf 89' lang='grc' dir='ltr'><em>κενά.</em></span> <span class='ocrx_word' id='word_1_99' title='bbox 281 1663 298 1729; x_wconf 90' lang='grc' dir='ltr'><em>δ</em></span> <span class='ocrx_word' id='word_1_100' title='bbox 329 1661 366 1729; x_wconf 74' lang='grc' dir='ltr'><em>δὲ</em></span> <span class='ocrx_word' id='word_1_101' title='bbox 396 1663 433 1728; x_wconf 85' lang='grc' dir='ltr'><em>έν</em></span> <span class='ocrx_word' id='word_1_102' title='bbox 462 1673 507 1751; x_wconf 78' lang='grc' dir='ltr'><em>τῷ</em></span> <span class='ocrx_word' id='word_1_103' title='bbox 537 1663 658 1752; x_wconf 76' lang='grc' dir='ltr'><em>ἀγγείῳ</em></span> <span class='ocrx_word' id='word_1_104' title='bbox 688 1671 734 1750; x_wconf 78' lang='grc' dir='ltr'><em>τῷ</em></span> <span class='ocrx_word' id='word_1_105' title='bbox 758 1660 1028 1749; x_wconf 72' lang='grc' dir='ltr'><em>κατεστραμμένη)</em></span> <span class='ocrx_word' id='word_1_106' title='bbox 1059 1662 1105 1738; x_wconf 84' lang='grc' dir='ltr'><em>είς</em></span> <span class='ocrx_word' id='word_1_107' title='bbox 1135 1663 1172 1726; x_wconf 91' lang='grc' dir='ltr'><em>τὸ</em></span> 
     </span>
     <span class='ocr_line' id='line_1_15' title="bbox 92 1768 1172 1856; baseline 0.006 -30"><span class='ocrx_word' id='word_1_108' title='bbox 92 1787 147 1827; x_wconf 68' lang='lat'>&#39;151</span> <span class='ocrx_word' id='word_1_109' title='bbox 161 1769 253 1853; x_wconf 80' lang='grc' dir='ltr'><em>ὕδωρ</em></span> <span class='ocrx_word' id='word_1_110' title='bbox 282 1768 367 1834; x_wconf 87' lang='grc' dir='ltr'><em>ένὼν</em></span> <span class='ocrx_word' id='word_1_111' title='bbox 394 1769 456 1856; x_wconf 78' lang='grc' dir='ltr'><em>ἀὴρ</em></span> <span class='ocrx_word' id='word_1_112' title='bbox 486 1770 526 1834; x_wconf 92' lang='grc' dir='ltr'><em>οὐ</em></span> <span class='ocrx_word' id='word_1_113' title='bbox 548 1770 551 1852; x_wconf 75' lang='grc' dir='ltr'>Ι</span> <span class='ocrx_word' id='word_1_114' title='bbox 571 1771 660 1835; x_wconf 90' lang='grc' dir='ltr'><em>πάνυ</em></span> <span class='ocrx_word' id='word_1_115' title='bbox 688 1769 848 1854; x_wconf 76' lang='grc' dir='ltr'><em>λαμβάνει</em></span> <span class='ocrx_word' id='word_1_116' title='bbox 874 1771 1024 1852; x_wconf 78' lang='grc' dir='ltr'><em>πίλησιν·</em></span> <span class='ocrx_word' id='word_1_117' title='bbox 1048 1769 1084 1832; x_wconf 93' lang='grc' dir='ltr'><em>τὸ</em></span> <span class='ocrx_word' id='word_1_118' title='bbox 1109 1769 1172 1854; x_wconf 88' lang='grc' dir='ltr'><em>γάρ</em></span> 
     </span>
     <span class='ocr_line' id='line_1_16' title="bbox 161 1874 1216 1962; baseline -0.005 -22"><span class='ocrx_word' id='word_1_119' title='bbox 161 1877 356 1960; x_wconf 78' lang='grc' dir='ltr'><em>βιαζόμενον</em></span> <span class='ocrx_word' id='word_1_120' title='bbox 379 1876 440 1941; x_wconf 88' lang='grc' dir='ltr'><em>οὐκ</em></span> <span class='ocrx_word' id='word_1_121' title='bbox 463 1878 554 1941; x_wconf 83' lang='grc' dir='ltr'><em>ἔστιν</em></span> <span class='ocrx_word' id='word_1_122' title='bbox 576 1874 756 1962; x_wconf 79' lang='grc' dir='ltr'><em>ἀξιόχρεων</em></span> <span class='ocrx_word' id='word_1_123' title='bbox 779 1876 836 1939; x_wconf 91' lang='grc' dir='ltr'><em>διά</em></span> <span class='ocrx_word' id='word_1_124' title='bbox 853 1875 890 1939; x_wconf 90' lang='grc' dir='ltr'><em>τὸ</em></span> <span class='ocrx_word' id='word_1_125' title='bbox 909 1875 946 1940; x_wconf 90' lang='grc' dir='ltr'><em>τὸ</em></span> <span class='ocrx_word' id='word_1_126' title='bbox 965 1874 1056 1960; x_wconf 83' lang='grc' dir='ltr'><em>ὕδωρ</em></span> <span class='ocrx_word' id='word_1_127' title='bbox 1075 1891 1174 1958; x_wconf 81' lang='grc' dir='ltr'><em>φυσι-</em></span> <span class='ocrx_word' id='word_1_128' title='bbox 1188 1895 1216 1936; x_wconf 79' lang='grc' dir='ltr'><em>ιτ</em></span> 
     </span>
     <span class='ocr_line' id='line_1_17' title="bbox 161 1979 1175 2070; baseline -0.001 -24"><span class='ocrx_word' id='word_1_129' title='bbox 161 1993 227 2059; x_wconf 82' lang='grc' dir='ltr'><em>κῶς</em></span> <span class='ocrx_word' id='word_1_130' title='bbox 249 1981 329 2047; x_wconf 89' lang='grc' dir='ltr'><em>αὐτὸ</em></span> <span class='ocrx_word' id='word_1_131' title='bbox 353 1982 390 2047; x_wconf 82' lang='grc' dir='ltr'><em>ἐν</em></span> <span class='ocrx_word' id='word_1_132' title='bbox 408 1979 513 2070; x_wconf 79' lang='grc' dir='ltr'><em>ἑαυτῷ</em></span> <span class='ocrx_word' id='word_1_133' title='bbox 531 1985 611 2066; x_wconf 79' lang='grc' dir='ltr'><em>μήτε</em></span> <span class='ocrx_word' id='word_1_134' title='bbox 629 1983 730 2066; x_wconf 87' lang='grc' dir='ltr'><em>βάρος</em></span> <span class='ocrx_word' id='word_1_135' title='bbox 749 1982 828 2066; x_wconf 74' lang='grc' dir='ltr'><em>μήτε</em></span> <span class='ocrx_word' id='word_1_136' title='bbox 847 1983 1004 2058; x_wconf 75' lang='grc' dir='ltr'><em>ἔκθλιψιν</em></span> <span class='ocrx_word' id='word_1_137' title='bbox 1022 1981 1175 2065; x_wconf 81' lang='grc' dir='ltr'><em>σφοδρὰν</em></span> 
     </span>
     <span class='ocr_line' id='line_1_18' title="bbox 162 2087 1203 2174; baseline -0.002 -21"><span class='ocrx_word' id='word_1_138' title='bbox 162 2092 263 2173; x_wconf 83' lang='grc' dir='ltr'><em>ἔχειν·</em></span> <span class='ocrx_word' id='word_1_139' title='bbox 291 2089 373 2154; x_wconf 87' lang='grc' dir='ltr'><em>ὅθεν</em></span> <span class='ocrx_word' id='word_1_140' title='bbox 401 2091 576 2174; x_wconf 87' lang='grc' dir='ltr'><em>συμβαίνει</em></span> <span class='ocrx_word' id='word_1_141' title='bbox 603 2099 670 2152; x_wconf 82' lang='grc' dir='ltr'><em>τῶν</em></span> <span class='ocrx_word' id='word_1_142' title='bbox 697 2087 1023 2172; x_wconf 84' lang='grc' dir='ltr'><em>κατακολυμβύντων</em></span> <span class='ocrx_word' id='word_1_143' title='bbox 1046 2088 1093 2163; x_wconf 82' lang='grc' dir='ltr'><em>είς</em></span> <span class='ocrx_word' id='word_1_144' title='bbox 1115 2088 1175 2152; x_wconf 90' lang='grc' dir='ltr'><em>τὸν</em></span> <span class='ocrx_word' id='word_1_145' title='bbox 1201 2105 1203 2110; x_wconf 88' lang='grc'><em>·</em></span> 
     </span>
     <span class='ocr_line' id='line_1_19' title="bbox 161 2192 1174 2280; baseline -0.003 -20"><span class='ocrx_word' id='word_1_146' title='bbox 161 2197 273 2279; x_wconf 93' lang='grc' dir='ltr'><em>βυθὸν</em></span> <span class='ocrx_word' id='word_1_147' title='bbox 295 2205 352 2278; x_wconf 79' lang='grc' dir='ltr'><em>τῆς</em></span> <span class='ocrx_word' id='word_1_148' title='bbox 374 2197 546 2279; x_wconf 88' lang='grc' dir='ltr'><em>θαλάσσης</em></span> <span class='ocrx_word' id='word_1_149' title='bbox 568 2192 906 2280; x_wconf 83' lang='grc' dir='ltr'><em>μετρητάςάπείρους</em></span> <span class='ocrx_word' id='word_1_150' title='bbox 929 2193 1072 2279; x_wconf 83' lang='grc' dir='ltr'><em>ἐχόντων</em></span> <span class='ocrx_word' id='word_1_151' title='bbox 1092 2196 1174 2258; x_wconf 80' lang='grc' dir='ltr'><em>κατὰ</em></span> 
     </span>
     <span class='ocr_line' id='line_1_20' title="bbox 161 2300 1173 2386; baseline -0.003 -19"><span class='ocrx_word' id='word_1_152' title='bbox 161 2313 230 2367; x_wconf 85' lang='grc' dir='ltr'><em>τῶν</em></span> <span class='ocrx_word' id='word_1_153' title='bbox 270 2303 386 2367; x_wconf 80' lang='grc' dir='ltr'><em>νώτων</em></span> <span class='ocrx_word' id='word_1_154' title='bbox 426 2303 484 2379; x_wconf 85' lang='grc' dir='ltr'><em>τὰς</em></span> <span class='ocrx_word' id='word_1_155' title='bbox 520 2301 688 2378; x_wconf 78' lang='grc' dir='ltr'><em>ἀναπνοὰς</em></span> <span class='ocrx_word' id='word_1_156' title='bbox 724 2301 767 2386; x_wconf 82' lang='grc' dir='ltr'><em>μη</em></span> <span class='ocrx_word' id='word_1_157' title='bbox 804 2301 976 2384; x_wconf 81' lang='grc' dir='ltr'><em>βιάζεσθαι</em></span> <span class='ocrx_word' id='word_1_158' title='bbox 1011 2300 1076 2365; x_wconf 83' lang='grc' dir='ltr'><em>ὑπὸ</em></span> <span class='ocrx_word' id='word_1_159' title='bbox 1113 2309 1173 2366; x_wconf 88' lang='grc' dir='ltr'><em>τοῦ</em></span> 
     </span>
     <span class='ocr_line' id='line_1_21' title="bbox 161 2405 1215 2492; baseline -0.001 -22"><span class='ocrx_word' id='word_1_160' title='bbox 161 2407 298 2490; x_wconf 80' lang='grc' dir='ltr'><em>ὕδατος,</em></span> <span class='ocrx_word' id='word_1_161' title='bbox 335 2407 452 2490; x_wconf 82' lang='grc' dir='ltr'><em>ὀλίγον</em></span> <span class='ocrx_word' id='word_1_162' title='bbox 487 2413 655 2484; x_wconf 84' lang='grc' dir='ltr'><em>παντελῶς</em></span> <span class='ocrx_word' id='word_1_163' title='bbox 692 2406 728 2471; x_wconf 86' lang='grc' dir='ltr'><em>έν</em></span> <span class='ocrx_word' id='word_1_164' title='bbox 763 2417 833 2483; x_wconf 81' lang='grc' dir='ltr'><em>τοῖς</em></span> <span class='ocrx_word' id='word_1_165' title='bbox 863 2417 1046 2492; x_wconf 80' lang='grc' dir='ltr'><em>μυκτῆρσιν</em></span> <span class='ocrx_word' id='word_1_166' title='bbox 1077 2405 1174 2492; x_wconf 91' lang='grc' dir='ltr'><em>ἀέρος</em></span> <span class='ocrx_word' id='word_1_167' title='bbox 1188 2426 1215 2467; x_wconf 79' lang='grc' dir='ltr'><em>ει</em></span> 
     </span>
     <span class='ocr_line' id='line_1_22' title="bbox 162 2510 1174 2598; baseline -0.001 -20"><span class='ocrx_word' id='word_1_168' title='bbox 162 2511 415 2598; x_wconf 88' lang='grc' dir='ltr'><em>ἀπειλημμένου.</em></span> <span class='ocrx_word' id='word_1_169' title='bbox 438 2516 488 2589; x_wconf 89' lang='grc' dir='ltr'><em>τίς</em></span> <span class='ocrx_word' id='word_1_170' title='bbox 512 2510 548 2578; x_wconf 68' lang='grc' dir='ltr'><em>δὲ</em></span> <span class='ocrx_word' id='word_1_171' title='bbox 572 2515 663 2578; x_wconf 79' lang='grc' dir='ltr'><em>ἔστιν</em></span> <span class='ocrx_word' id='word_1_172' title='bbox 680 2513 700 2597; x_wconf 79' lang='grc' dir='ltr'><em>ἡ</em></span> <span class='ocrx_word' id='word_1_173' title='bbox 720 2514 818 2597; x_wconf 78' lang='grc' dir='ltr'><em>αἰτία,</em></span> <span class='ocrx_word' id='word_1_174' title='bbox 838 2511 881 2578; x_wconf 92' lang='grc' dir='ltr'><em>δι’</em></span> <span class='ocrx_word' id='word_1_175' title='bbox 903 2514 955 2597; x_wconf 81' lang='grc' dir='ltr'><em>ἥν,</em></span> <span class='ocrx_word' id='word_1_176' title='bbox 975 2514 1018 2591; x_wconf 85' lang='grc' dir='ltr'><em>ὡς</em></span> <span class='ocrx_word' id='word_1_177' title='bbox 1037 2520 1174 2598; x_wconf 78' lang='grc' dir='ltr'><em>εἴρηται,</em></span> 
     </span>
     <span class='ocr_line' id='line_1_23' title="bbox 162 2618 1175 2708; baseline 0 -24"><span class='ocrx_word' id='word_1_178' title='bbox 162 2621 196 2684; x_wconf 80' lang='grc' dir='ltr'><em>οἱ</em></span> <span class='ocrx_word' id='word_1_179' title='bbox 228 2618 265 2684; x_wconf 89' lang='grc' dir='ltr'><em>ε’ν</em></span> <span class='ocrx_word' id='word_1_180' title='bbox 291 2627 338 2708; x_wconf 77' lang='grc' dir='ltr'><em>τῷ</em></span> <span class='ocrx_word' id='word_1_181' title='bbox 364 2623 462 2707; x_wconf 77' lang='grc' dir='ltr'><em>βυθῷ</em></span> <span class='ocrx_word' id='word_1_182' title='bbox 488 2623 717 2703; x_wconf 84' lang='grc' dir='ltr'><em>κολυμβῶντες</em></span> <span class='ocrx_word' id='word_1_183' title='bbox 744 2620 883 2706; x_wconf 86' lang='grc' dir='ltr'><em>ἀπειρον</em></span> <span class='ocrx_word' id='word_1_184' title='bbox 910 2622 1013 2707; x_wconf 89' lang='grc' dir='ltr'><em>βάρος</em></span> <span class='ocrx_word' id='word_1_185' title='bbox 1044 2623 1175 2704; x_wconf 81' lang='grc' dir='ltr'><em>ἔχοντες</em></span> 
     </span>
     <span class='ocr_line' id='line_1_24' title="bbox 162 2725 1239 2810; baseline 0.001 -22"><span class='ocrx_word' id='word_1_186' title='bbox 162 2725 284 2802; x_wconf 81' lang='grc' dir='ltr'><em>ὕδατος</em></span> <span class='ocrx_word' id='word_1_187' title='bbox 301 2728 383 2792; x_wconf 87' lang='grc' dir='ltr'><em>κατά</em></span> <span class='ocrx_word' id='word_1_188' title='bbox 401 2738 468 2791; x_wconf 84' lang='grc' dir='ltr'><em>τῶν</em></span> <span class='ocrx_word' id='word_1_189' title='bbox 486 2728 602 2791; x_wconf 83' lang='grc' dir='ltr'><em>νώτων</em></span> <span class='ocrx_word' id='word_1_190' title='bbox 621 2726 661 2792; x_wconf 94' lang='grc' dir='ltr'><em>οὐ</em></span> <span class='ocrx_word' id='word_1_191' title='bbox 679 2729 867 2810; x_wconf 86' lang='grc' dir='ltr'><em>θλίβονται,</em></span> <span class='ocrx_word' id='word_1_192' title='bbox 887 2725 980 2805; x_wconf 81' lang='grc' dir='ltr'><em>ἀξιον</em></span> <span class='ocrx_word' id='word_1_193' title='bbox 995 2725 1174 2809; x_wconf 77' lang='grc' dir='ltr'><em>ἐπιστῆσαι.</em></span> <span class='ocrx_word' id='word_1_194' title='bbox 1235 2803 1239 2810; x_wconf 27' lang='lat'><strong>¹</strong></span> 
     </span>
     <span class='ocr_line' id='line_1_25' title="bbox 163 2815 1169 2920; baseline -0.001 -24"><span class='ocrx_word' id='word_1_195' title='bbox 163 2829 297 2914; x_wconf 90' lang='grc' dir='ltr'><em>λέγουσι</em></span> <span class='ocrx_word' id='word_1_196' title='bbox 321 2834 363 2917; x_wconf 84' lang='grc' dir='ltr'><em>δή</em></span> <span class='ocrx_word' id='word_1_197' title='bbox 385 2853 484 2910; x_wconf 91' lang='grc' dir='ltr'><em>τινες·</em></span> <span class='ocrx_word' id='word_1_198' title='bbox 511 2815 619 2916; x_wconf 44' lang='grc' dir='ltr'><em>,ςδιύτι</em></span> <span class='ocrx_word' id='word_1_199' title='bbox 642 2835 679 2899; x_wconf 91' lang='grc' dir='ltr'><em>τὸ</em></span> <span class='ocrx_word' id='word_1_200' title='bbox 702 2833 794 2920; x_wconf 78' lang='grc' dir='ltr'><em>ὕδωρ</em></span> <span class='ocrx_word' id='word_1_201' title='bbox 819 2829 970 2918; x_wconf 69' lang='grc' dir='ltr'><em>ἰσοβαρὲς</em></span> <span class='ocrx_word' id='word_1_202' title='bbox 993 2831 1073 2896; x_wconf 91' lang='grc' dir='ltr'><em>αὐτὸ</em></span> <span class='ocrx_word' id='word_1_203' title='bbox 1093 2828 1169 2896; x_wconf 87' lang='grc' dir='ltr'><em>καθ’</em></span> 
     </span>
     <span class='ocr_line' id='line_1_26' title="bbox 161 2935 1215 3025; baseline 0.001 -23"><span class='ocrx_word' id='word_1_204' title='bbox 161 2939 244 3003; x_wconf 89' lang='grc' dir='ltr'><em>αὑτό</em></span> <span class='ocrx_word' id='word_1_205' title='bbox 274 2936 395 3004; x_wconf 84' lang='grc' dir='ltr'><em>έστιν”.</em></span> <span class='ocrx_word' id='word_1_206' title='bbox 424 2935 517 3006; x_wconf 87' lang='grc' dir='ltr'><em>οὗτοι</em></span> <span class='ocrx_word' id='word_1_207' title='bbox 547 2937 584 3005; x_wconf 70' lang='grc' dir='ltr'><em>δὲ</em></span> <span class='ocrx_word' id='word_1_208' title='bbox 614 2937 714 3006; x_wconf 68' lang='grc' dir='ltr'><em>οὐδὲν</em></span> <span class='ocrx_word' id='word_1_209' title='bbox 741 2939 998 3025; x_wconf 81' lang='grc' dir='ltr'><em>ἀποφαίνονται,</em></span> <span class='ocrx_word' id='word_1_210' title='bbox 1027 2938 1113 3002; x_wconf 89' lang='grc' dir='ltr'><em>διότι</em></span> <span class='ocrx_word' id='word_1_211' title='bbox 1141 2938 1173 3003; x_wconf 81' lang='grc' dir='ltr'><em>οἱ</em></span> <span class='ocrx_word' id='word_1_212' title='bbox 1188 2955 1215 2997; x_wconf 72' lang='lat'><em>2⁶</em></span> 
     </span>
    </p>
   </div>
   <div class='ocr_carea' id='block_1_3' title="bbox 161 3129 1175 3415">
    <p class='ocr_par' dir='ltr' id='par_1_3' title="bbox 161 3129 1175 3415">
     <span class='ocr_line' id='line_1_27' title="bbox 235 3129 1175 3202; baseline -0.003 -18"><span class='ocrx_word' id='word_1_213' title='bbox 235 3136 327 3201; x_wconf 76' lang='grc' dir='ltr'><em>Ὶπαρ</em></span> <span class='ocrx_word' id='word_1_214' title='bbox 330 3131 460 3200; x_wconf 84' lang='grc' dir='ltr'><em>εισπλοιιή</em></span> <span class='ocrx_word' id='word_1_215' title='bbox 478 3133 570 3186; x_wconf 53' lang='lat' dir='ltr'>codd:</span> <span class='ocrx_word' id='word_1_216' title='bbox 590 3149 659 3188; x_wconf 82' lang='lat' dir='ltr'>corr.</span> <span class='ocrx_word' id='word_1_217' title='bbox 674 3131 761 3202; x_wconf 80' lang='lat' dir='ltr'><strong>Diels,</strong></span> <span class='ocrx_word' id='word_1_218' title='bbox 781 3132 814 3186; x_wconf 81' lang='lat' dir='ltr'><em>ef.</em></span> <span class='ocrx_word' id='word_1_219' title='bbox 830 3131 849 3185; x_wconf 92' lang='lat' dir='ltr'>l</span> <span class='ocrx_word' id='word_1_220' title='bbox 863 3131 881 3185; x_wconf 94' lang='lat' dir='ltr'>l</span> <span class='ocrx_word' id='word_1_221' title='bbox 896 3149 922 3200; x_wconf 89' lang='lat' dir='ltr'>p</span> <span class='ocrx_word' id='word_1_222' title='bbox 939 3135 990 3183; x_wconf 83' lang='grc'><em>109</em></span> <span class='ocrx_word' id='word_1_223' title='bbox 1063 3135 1095 3182; x_wconf 95' lang='grc'><em>11</em></span> <span class='ocrx_word' id='word_1_224' title='bbox 1111 3129 1175 3201; x_wconf 88' lang='grc' dir='ltr'><em>βίας</em></span> 
     </span>
     <span class='ocr_line' id='line_1_28' title="bbox 163 3176 1170 3294; baseline -0.002 -38"><span class='ocrx_word' id='word_1_225' title='bbox 163 3152 1170 3294; x_wconf 67' lang='grc' dir='ltr'><em>δδύΙιδιδβίαςο12πασειΑΟΒΤπαρέχειΒ.ὐπάρχειΒ</em></span> 
     </span>
     <span class='ocr_line' id='line_1_29' title="bbox 201 3225 1175 3360; baseline -0.002 -34"><span class='ocrx_word' id='word_1_226' title='bbox 201 3273 269 3328; x_wconf 72' lang='lat' dir='ltr'><em>lbf</em></span> <span class='ocrx_word' id='word_1_227' title='bbox 305 3283 354 3328; x_wconf 78' lang='grc' dir='ltr'><em>τοῦ</em></span> <span class='ocrx_word' id='word_1_228' title='bbox 369 3273 555 3347; x_wconf 83' lang='grc' dir='ltr'><em>ὐδατος&gt;βια</em></span> <span class='ocrx_word' id='word_1_229' title='bbox 558 3225 691 3354; x_wconf 85' lang='grc' dir='ltr'><em>ζόμενον</em></span> <span class='ocrx_word' id='word_1_230' title='bbox 729 3280 762 3328; x_wconf 82' lang='grc'><em>17</em></span> <span class='ocrx_word' id='word_1_231' title='bbox 776 3271 1044 3360; x_wconf 73' lang='grc' dir='ltr'><em>κατακολυμβόντων</em></span> <span class='ocrx_word' id='word_1_232' title='bbox 1058 3287 1077 3327; x_wconf 73' lang='lat' dir='ltr'><strong>a</strong></span> <span class='ocrx_word' id='word_1_233' title='bbox 1091 3277 1175 3332; x_wconf 82' lang='grc' dir='ltr'><em>(κατα</em></span> 
     </span>
     <span class='ocr_line' id='line_1_30' title="bbox 161 3342 1174 3415; baseline -0.001 -19"><span class='ocrx_word' id='word_1_234' title='bbox 161 3360 216 3398; x_wconf 85' lang='lat' dir='ltr'><em>om</em></span> <span class='ocrx_word' id='word_1_235' title='bbox 228 3343 291 3411; x_wconf 86' lang='lat' dir='ltr'>T</span> <span class='ocrx_word' id='word_1_236' title='bbox 275 3344 457 3415; x_wconf 79' lang='lat' dir='ltr'><strong>a..:dng)</strong></span> <span class='ocrx_word' id='word_1_237' title='bbox 472 3361 506 3398; x_wconf 84' lang='lat' dir='ltr'><em>ex</em></span> <span class='ocrx_word' id='word_1_238' title='bbox 519 3345 573 3400; x_wconf 83' lang='lat' dir='ltr'><em>Mb</em></span> <span class='ocrx_word' id='word_1_239' title='bbox 587 3362 694 3399; x_wconf 73' lang='lat' dir='ltr'>corten</span> <span class='ocrx_word' id='word_1_240' title='bbox 759 3350 793 3398; x_wconf 80' lang='lat'><em>20</em></span> <span class='ocrx_word' id='word_1_241' title='bbox 809 3342 999 3414; x_wconf 80' lang='grc' dir='ltr'><em>ἀέροςοπιΤ,</em></span> <span class='ocrx_word' id='word_1_242' title='bbox 1015 3343 1079 3398; x_wconf 73' lang='lat' dir='ltr'><em>add</em></span> <span class='ocrx_word' id='word_1_243' title='bbox 1090 3342 1174 3412; x_wconf 81' lang='lat' dir='ltr'><strong>ng</strong></span> 
     </span>
    </p>
   </div>
   <div class='ocr_carea' id='block_1_4' title="bbox 161 3520 1175 3664">
    <p class='ocr_par' dir='ltr' id='par_1_4' title="bbox 161 3520 1175 3664">
     <span class='ocr_line' id='line_1_31' title="bbox 161 3520 1175 3592; baseline 0.016 -31"><span class='ocrx_word' id='word_1_244' title='bbox 161 3555 164 3561; x_wconf 86' lang='lat'><em>.</em></span> <span class='ocrx_word' id='word_1_245' title='bbox 238 3527 251 3573; x_wconf 94' lang='lat'><strong>1</strong></span> <span class='ocrx_word' id='word_1_246' title='bbox 284 3521 419 3592; x_wconf 59' lang='grc' dir='ltr'><em>γενέσθαι</em></span> <span class='ocrx_word' id='word_1_247' title='bbox 446 3536 476 3576; x_wconf 74' lang='lat' dir='ltr'><em>a:</em></span> <span class='ocrx_word' id='word_1_248' title='bbox 509 3523 640 3589; x_wconf 84' lang='grc' dir='ltr'><em>γίνεσθαι</em></span> <span class='ocrx_word' id='word_1_249' title='bbox 669 3522 688 3576; x_wconf 86' lang='lat' dir='ltr'><strong>b</strong></span> <span class='ocrx_word' id='word_1_250' title='bbox 777 3525 795 3573; x_wconf 90' lang='grc'>4</span> <span class='ocrx_word' id='word_1_251' title='bbox 827 3521 923 3584; x_wconf 87' lang='grc' dir='ltr'><em>αὐτοις</em></span> <span class='ocrx_word' id='word_1_252' title='bbox 950 3520 1006 3576; x_wconf 70' lang='lat'><em>⁸0:</em></span> <span class='ocrx_word' id='word_1_253' title='bbox 1040 3522 1125 3589; x_wconf 83' lang='grc' dir='ltr'><em>αὐτῆς</em></span> <span class='ocrx_word' id='word_1_254' title='bbox 1152 3520 1175 3571; x_wconf 87' lang='grc' dir='ltr'>Β</span> 
     </span>
     <span class='ocr_line' id='line_1_32' title="bbox 198 3587 1174 3664; baseline 0.006 -19"><span class='ocrx_word' id='word_1_255' title='bbox 198 3593 419 3661; x_wconf 72' lang='grc' dir='ltr'><em>ογενέσθαιοε</em></span> <span class='ocrx_word' id='word_1_256' title='bbox 443 3592 612 3661; x_wconf 76' lang='grc' dir='ltr'><em>γίνεσθαιο</em></span> <span class='ocrx_word' id='word_1_257' title='bbox 686 3597 717 3643; x_wconf 83' lang='grc'><em>19</em></span> <span class='ocrx_word' id='word_1_258' title='bbox 737 3593 797 3662; x_wconf 80' lang='grc' dir='ltr'><em>εομί</em></span> <span class='ocrx_word' id='word_1_259' title='bbox 814 3594 869 3650; x_wconf 77' lang='lat' dir='ltr'><strong><em>sive</em></strong></span> <span class='ocrx_word' id='word_1_260' title='bbox 888 3593 1093 3663; x_wconf 76' lang='lat' dir='ltr'><strong><em>comprimi(-</em></strong></span> <span class='ocrx_word' id='word_1_261' title='bbox 1113 3587 1172 3664; x_wconf 90' lang='grc' dir='ltr'><em>β</em></span> <span class='ocrx_word' id='word_1_262' title='bbox 1156 3609 1174 3657; x_wconf 79' lang='grc' dir='ltr'><em>η</em></span> 
     </span>
    </p>
   </div>
   <div class='ocr_carea' id='block_1_5' title="bbox 0 0 1308 3880">
    <p class='ocr_par' dir='ltr' id='par_1_5' title="bbox 0 0 1308 3880">
     <span class='ocr_line' id='line_1_33' title="bbox 0 0 1308 3880; baseline 0 0"><span class='ocrx_word' id='word_1_263' title='bbox 0 0 1308 3880; x_wconf 95' lang='lat' dir='ltr'><em> </em></span> 
     </span>
    </p>
   </div>
  </div>
 </body>
</html>
