2598 3886
136 167 181 230 48
257 169 407 221 ΗΡΩΝΟΣ
425 165 691 227 mmmm
710 170 980 225 ΠΝΕΤΜΑΤΙΚΩΝ
998 173 1030 226 A.

137 333 219 412 AB,
247 326 343 412 λέβης
371 326 407 394 δέ
434 330 453 396 ὁ
481 333 555 396 ΓΔ·
583 332 639 396 διὰ
667 328 704 396 δὲ
730 341 791 397 τοῦ
819 331 1066 420 έπιφρᾶγμοιτος
1095 333 1149 400 καὶ

136 445 197 501 τοῦ
224 434 395 519 πυθμένος
421 442 486 502 τοῦ
509 437 645 522 λέβητος
673 439 809 504 διώσθω
838 442 948 524 σωλὴν
975 427 1151 528 εὐρύτερος

136 551 197 607 τοῦ
227 541 320 619 ἐντὸς
348 541 484 620 σκέλους

135 658 196 714 τοῦ
233 651 392 734 σίφωνος·
428 648 483 714 καὶ

136 757 219 820 ἔστω
250 759 359 840 σι’φων
386 751 484 832 οὗτος

136 860 155 927 ὁ
169 865 246 925 ΜΛ
262 878 483 944 συνεστεγνοι-

136 965 235 1051 μένος
270 975 317 1056 τῷ
348 991 383 1032 τε
415 967 484 1034 έπι-

136 1074 306 1158 φράγματι
342 1072 396 1138 καὶ
436 1083 483 1162 τῷ

134 1177 283 1264 πυθμένι
308 1190 368 1246 τοῦ
391 1180 483 1265 λέβη-

134 1309 199 1362 τος.
223 1284 275 1350 ἐπὶ
291 1283 327 1351 δέ
341 1296 401 1353 τοῦ
413 1286 483 1353 έπι-

135 1393 328 1478 φράγματος
346 1392 482 1478 ἐφιστά-

134 1515 180 1563 τω
220 1501 406 1584 πηγμάτων
445 1499 481 1565 έκ

134 1609 301 1670 κανονίων
336 1608 482 1690 πεπηγὸς

134 1711 285 1797 καθάπερ
294 1713 332 1776 τὸ
340 1717 379 1776 Π
382 1714 481 1798 γράμ-

134 1837 192 1900 μοι·
232 1815 287 1882 καὶ
325 1821 407 1884 έστω
443 1821 480 1885 τὸ

135 1925 206 1988 ΓΝ
206 1922 280 1996 ΞΔ.
309 1923 346 1990 έν
360 1921 397 1989 δὲ
410 1936 480 2002 τοῖς

134 2029 252 2115 ὀρθοῖς
312 2037 480 2109 κανονέοις
605 2061 781 2129 2⁸54

132 2160 170 2201 το
173 2138 287 2220 ῑςΓΝ,
297 2136 479 2210 ΞΔέκτοῦ

79 2260 119 2301 τοο
133 2240 226 2318 έντὸς
250 2241 255 2326 1
279 2242 400 2330 μέρους
427 2244 480 2329 ἐγ

82 2348 379 2432 νινλύφθωοιιν
417 2368 479 2416 οω-

132 2459 229 2538 ληνες
237 2457 358 2520 κατὰ
329 2480 366 2522 το
376 2480 479 2542 μηκος

131 2572 199 2626 τῶν
230 2565 410 2646 κανονίων,
442 2561 480 2627 έν

198 2686 219 2734 a
242 2675 426 2751 48,1—52‚
443 2677 484 2734 17
508 2672 557 2734 διὰ
580 2670 612 2734 δὲ
632 2682 685 2734 τοῦ
703 2671 922 2755 ἕπιφρᾶγμιιτος
946 2721 997 2734 ...
1020 2673 1143 2751 ποιήσο-

132 2783 186 2841 μεν
209 2762 364 2835 οὕτως-
323 2790 364 2800 -
384 2760 406 2823 b
426 2764 478 2839 48,
493 2764 632 2840 24-52,
649 2764 703 2822 33:
727 2761 776 2823 διὰ
800 2760 831 2823 δὲ
851 2773 904 2825 τοῦ
922 2759 1143 2842 έπιφράγμυτος

131 2849 181 2910 καὶ
207 2860 260 2912 τοῦ
285 2848 442 2931 πυθμένος
465 2860 517 2912 τοῦ
541 2848 662 2931 λέβητος
685 2851 806 2912 ὅιώσθω
829 2849 927 2930 σωλὴν
949 2851 1102 2930 καμπύλος
1126 2847 1184 2910 625

131 2933 231 2999 ΕΖΗ
250 2935 533 3034 [συνεστεγνοομένος
555 2945 594 3021 τῷ
618 2962 648 3000 τε
668 2938 865 3020 ἐπιφράγμοπι
883 2937 933 3001 καὶ
950 2944 990 3023 τῷ
1008 2936 1142 3018 πυθμένι

130 3037 183 3090 τοῦ
211 3017 358 3109 λέβήέός]Ι
388 3025 500 3089 ἐθὲπὶ
462 3035 575 3089 θτοῦ
598 3027 754 3108 πυθμένος
775 3037 829 3090 τοῦ
851 3032 911 3088 ΑΒ
934 3025 1053 3109 ἀγγείου
1076 3026 1141 3106 ἑφε-

132 3117 225 3178 στάτω
257 3117 422 3198 πηγμάτιον
456 3115 488 3177 ἐκ
520 3118 669 3178 κανονίων
701 3114 846 3189 συνεστὼς
877 3116 1013 3198 καθαπερ
1045 3115 1077 3178 τὸ
1110 3120 1145 3176 Π

130 3207 260 3286 γράμμα·
283 3204 334 3267 καὶ
356 3204 426 3266 ἔστω
450 3205 482 3267 τὸ
507 3202 643 3272 ΤΝΦΞ·
667 3203 700 3267 ἐν
723 3201 755 3266 δὲ
777 3211 839 3278 τοῖς
862 3202 967 3286 ὀρθοῖς
989 3205 1141 3279 κυνονέοις

130 3300 192 3367 τοϊς
218 3297 286 3374 ΤΝ,
309 3290 338 3360 Ξ
341 3297 370 3354 Φ
391 3293 464 3355 κατὰ
486 3292 522 3356 τὰ
544 3293 627 3368 ἐντὸς
650 3293 723 3375 μέρη
746 3291 993 3375 ἐγγεγλύφθοισιιν
1016 3293 1064 3356 ἐπὶ
1087 3303 1140 3357 τοῦ
1154 3308 1182 3348 ³⁰

130 3382 245 3460 μήκους
269 3382 362 3463 σειραὶ
383 3388 491 3463 κοῖλαι,
514 3384 579 3457 οἵας
599 3383 692 3463 φασὶν
710 3383 863 3457 ἰδιωτικῶς
881 3384 1019 3466 γούργιις,
1042 3381 1075 3444 ἒν
1093 3378 1141 3458 αἷς

131 3483 344 3496 ——————.

203 3536 380 3604 187ng
