2598 3886
122 142 165 207 36
237 145 386 197 ΗΡΩΝΟΣ
405 141 670 203 ΑΛΕΞΑΝΔΡΕΩΣ
688 147 956 198 ΠΝΕΤΜΔΤΙΚΩΝ
975 148 1007 200 A.

122 309 254 388 σίφωνα
284 307 366 370 κατά
398 307 455 382 τάς
482 305 519 370 έν
549 317 620 382 τοῖς
649 307 795 391 ἀγγείοις
825 319 893 373 τών
921 309 1036 393 ὑγρῶν
1066 306 1135 373 ἐπι-

122 414 271 495 φανείας,
288 410 343 476 καὶ
362 410 467 488 οὕτως
484 412 640 498 ήρεμήσει
658 415 695 478 τὸ
709 414 816 500 ὑγρὸν
829 416 866 480 τὸ
882 413 918 479 έν
932 423 977 504 τῷ
996 418 1135 499 σίφωνι·

121 515 177 582 καὶ
213 516 491 605 μετεωρισθέντος
527 521 591 604 ἀρα
627 518 731 585 αὐτοῦ
768 518 824 584 καί
863 519 916 585 έπλ
952 519 1133 605 μηδέτερον

121 622 220 710 μέρος
243 623 493 709 ἐγκλινομένου,
516 627 618 691 πάλιν
639 626 795 711 ήρεμήσει
817 629 855 692 τὸ
877 627 994 713 ὑγρόν,
1020 625 1078 692 ἐόν
1099 651 1134 692 τε

121 732 239 796 διόλου
271 737 346 796 ίσον
375 733 432 817 ἔχῃ
465 733 502 796 τὸ
531 727 628 817 εὖρος
659 731 717 797 έάν
748 757 783 798 τε
810 733 847 798 τὸ
875 732 989 819 ἕτερον
1019 732 1134 811 σκέλος
1161 751 1176 792 5

120 845 182 901 τοῦ
206 835 320 922 ἑτέρου
341 842 453 924 πολλῷ
476 841 587 922 μεῖζον
609 831 645 924 ᾖ·
671 837 711 904 οὐ
734 841 798 925 χάρ
820 841 909 925 παρά
931 864 969 923 χε
991 850 1090 906 τοῦτο
1113 840 1134 924 ἡ

121 944 210 1007 αλτία
242 941 368 1025 ἐγίνετο
399 953 460 1009 τοῦ
486 945 621 1029 ἠρεμεῖν
648 946 685 1010 τὸ
716 946 837 1031 ὑγρόν,
868 945 951 1012 ἀλλά
980 949 1069 1032 παρὰ
1096 948 1133 1012 τὸ

120 1047 153 1126 έξ
178 1053 254 1113 ίσου
275 1056 408 1114 κεῖσθαι
431 1050 471 1114 τά
494 1052 612 1134 στόμια
639 1049 751 1116 αὐτοῦ.
796 1063 865 1128 πώς
892 1048 955 1118 οὖν
981 1033 1136 1139 μετεωρι-Ι

120 1153 262 1232 σθέντος
283 1155 387 1221 αὐτοῦ
406 1155 446 1221 οὐ
464 1155 681 1243 καταφέρεται
699 1159 737 1223 τὸ
756 1158 863 1244 ὑγρὸν
880 1168 926 1247 τῷ
946 1160 1020 1247 ἰδίω
1038 1160 1134 1246 βάρει

118 1263 339 1347 ὑποκείμενον
361 1264 439 1347 ἔχον
460 1266 667 1350 κουφότερον
689 1264 785 1351 ἀέρας
814 1266 864 1331 ότι
886 1266 982 1342 κενὸς
1005 1268 1133 1351 ἀθρους
1148 1285 1175 1324 1⁰

120 1368 161 1434 οὐ
190 1369 329 1434 δύναται
357 1369 502 1456 ὑπάρξαι
527 1373 640 1446 τόπος·
672 1373 701 1436 εί
728 1373 792 1458 νάρ
822 1371 933 1457 μέλλει
955 1370 1134 1458 καταφέρε-

120 1482 217 1559 σθαι,
252 1479 416 1562 πρότερον
447 1482 666 1562 πληρωθῆναι
698 1479 751 1543 ἀεῖ
781 1479 841 1544 τὸν
873 1479 1041 1565 ἀνώτερον
1072 1489 1133 1544 τοῦ

120 1586 268 1665 σίφωνος
289 1586 403 1667 τόπον,
426 1585 473 1659 είς
496 1583 537 1648 ὃν
559 1583 621 1668 ἀήρ
645 1590 877 1670 παρεισελθεῖν
900 1585 1053 1671 οὐδαμῶς
1075 1587 1135 1650 ἀυ-

119 1692 218 1765 νατός
240 1688 340 1755 ε’στιν.
363 1689 422 1754 ἑάν
444 1685 507 1754 οὖν
529 1693 679 1776 τρυπήσή
698 1715 748 1768 τις
766 1693 826 1757 τὸν
844 1692 1012 1778 ἀνώτερον
1029 1695 1134 1759 τόπον

119 1804 180 1860 τοῦ
208 1798 368 1880 σίφωνος,
397 1794 524 1872 εὐθέως
556 1800 837 1883 καταρραγήσεται
866 1800 904 1864 τὸ
936 1800 1043 1884 ὑγρὸν
1071 1809 1131 1866 τοῦ
1146 1816 1174 1856 1⁵

120 1900 216 1988 ἀέρος
247 1904 380 1987 ἔχοντος
411 1903 638 1987 παρείσδυσιν.
669 1906 734 1991 πρὸ
763 1902 800 1970 ἀλ
829 1915 890 1971 τοῦ
919 1899 1143 1992 τρυπήθήναι

120 2007 327 2094 ἐπικείμενον
357 2009 395 2074 τὸ
428 2008 465 2074 ἐν
495 2017 542 2098 τῷ
571 2014 694 2093 σίφωνι
721 2011 828 2098 ὑγρὸν
854 2020 900 2100 τῷ
926 2011 1131 2101 ὑποκειμένῳ

65 2131 105 2172 1⁵5
120 2114 192 2201 ἀέρι
215 2115 364 2200 ἐκθλίβει
386 2115 501 2181 αὐτόν·
522 2115 526 2199 λ
547 2111 644 2193 οὗτος
667 2113 704 2182 δὲ
722 2118 766 2202 μή
785 2121 880 2202 έχων,
899 2119 962 2204 όπή
981 2121 1133 2204 χωρήσει,

120 2221 181 2286 οὐκ
211 2221 249 2309 ἐᾷ
274 2221 491 2309 παρεξελθεῖν
517 2223 554 2287 τὸ
577 2223 692 2309 ὑγρόν.
716 2225 769 2290 ὅτε
792 2221 829 2290 δὲ
853 2225 908 2290 ἀιά
926 2234 986 2290 τοῦ
1009 2227 1132 2311 τρυπή-

119 2352 220 2412 ματος
242 2329 346 2392 τόπον
368 2331 463 2412 ἔσχεν
486 2328 503 2394 ὁ
527 2328 601 2415 ἀήρ,
624 2329 688 2416 όπή
711 2333 864 2416 χωρήσει,
886 2333 959 2396 τότε
977 2332 1020 2416 μή
1040 2330 1132 2396 ἀντέ-
1147 2349 1173 2389 2⁰

119 2459 187 2518 χων
209 2434 247 2498 τὸ
270 2442 331 2498 τοῦ
353 2433 474 2510 ὕδατος
492 2435 594 2519 βάρος
612 2434 798 2521 ἐξεχώρησε.
818 2437 874 2502 διὰ
892 2433 930 2501 δὲ
947 2437 1009 2519 τήν
1027 2437 1132 2521 αὐτήν

119 2542 229 2606 αἰτίαν
255 2538 310 2604 καὶ
339 2548 385 2627 τῷ
415 2544 538 2625 σίφωνι
564 2542 624 2606 τὸν
652 2537 747 2607 οἶνον
774 2545 863 2629 παρά
892 2543 997 2628 φύσιν
1024 2545 1071 2619 είς
1093 2544 1130 2608 τὸ

118 2648 188 2712 ἀνω
207 2645 421 2731 ἐπισπώμεθα
438 2655 484 2733 τῷ
503 2649 652 2732 στόματι·
675 2648 846 2733 θεξάμενοι
864 2650 928 2735 γάρ
947 2647 984 2714 έν
1002 2646 1131 2727 ἑαυτοῖς

186 2807 206 2853 a
235 2795 363 2853 14—16
391 2790 444 2853 ἐὰν
477 2783 571 2853 οὗν.
591 2795 914 2876 ..ί-παρεσάυσιν
937 2790 1071 2854 b25-
1074 2798 1130 2854 27:

117 2881 172 2943 ἕάν
204 2872 259 2942 οὗν
291 2880 425 2966 τρυπήσῃ
448 2904 501 3030 ὸτις
532 2880 584 2942 τὸν
591 2842 750 2964 ἀνωτέρω
782 2883 874 2944 τόπον
905 2892 957 2945 τοῦ
987 2883 1130 2962 σίφωνος,
1144 2896 1170 2937 25

118 2969 232 3043 εὐθέως
264 2969 463 3079 ρυήσεταιὸ
432 2993 447 3030 τ
495 2969 630 3050 όχρὸν’
616 2965 666 3049 εφ’
691 2969 828 3053 ἓκάτερον
855 2981 913 3032 τῶν
941 2976 1050 3032 σκελῶν
1076 2981 1130 3034 τοῦ

118 3057 204 3139 ἀέρος
227 3058 347 3138 σχόντος
369 3059 569 3139 παρείσδυσιν.

191 3235 225 3283 10
249 3229 440 3300 έονΤελ
432 3247 462 3282 1n
484 3244 571 3299 marg
592 3229 641 3302 G
670 3246 723 3283 om.
743 3227 806 3300 ΑΕ,
897 3228 1127 3298 12ῖ.ρρπότεον

117 3298 243 3373 <ἀέρος>
322 3306 354 3354 19
369 3301 559 3390 παρεξελθειν
578 3270 638 3356 Tb·
661 3269 816 3367 παρελθεῖν
834 3298 889 3353 AG
965 3299 995 3354 τὸ
1015 3300 1127 3372 οιω.Τ,,

117 3370 236 3442 00an
314 3370 383 3426 20⁶
367 3390 421 3440 οπή
442 3370 521 3443 AGlz
545 3369 616 3426 ὅπου
636 3369 671 3443 G,
678 3370 726 3425 Tb
802 3367 927 3438 ἀντέχων
944 3369 1033 3426 Paris
1049 3341 1128 3440 2512,

116 3441 195 3497 Harl.
210 3447 288 3512 5589,
306 3442 385 3497 Voss.
400 3448 448 3498 44.
467 3411 551 3512 ἀντὲχ
553 3461 586 3496 ον
600 3442 655 3498 ab:
676 3445 774 3510 (aquae
787 3443 948 3512 μανίῖοῖτικ
961 3445 1029 3511 που)
1044 3445 1128 3498 εαεῖί-

116 3514 224 3568 κεκεΙι
297 3519 329 3566 21
349 3513 368 3568 f.
383 3513 495 3586 (πρὸς)
514 3463 553 3567 τό.
586 3512 620 3567 cf.
639 3530 665 3581 p.
682 3517 724 3580 70,
740 3517 774 3564 27
