<?xml version="1.0" encoding="UTF-8"?>
<!DOCTYPE html PUBLIC "-//W3C//DTD XHTML 1.0 Transitional//EN"
    "http://www.w3.org/TR/xhtml1/DTD/xhtml1-transitional.dtd">
<html xmlns="http://www.w3.org/1999/xhtml" xml:lang="en" lang="en">
 <head>
  <title>
</title>
<meta http-equiv="Content-Type" content="text/html;charset=utf-8" />
  <meta name='ocr-system' content='tesseract 3.04.00' />
  <meta name='ocr-capabilities' content='ocr_page ocr_carea ocr_par ocr_line ocrx_word'/>
</head>
<body>
  <div class='ocr_page' id='page_1' title='image "./heronisalexandr01schogoog_0289.png"; bbox 0 0 2594 3892; ppageno 0'>
   <div class='ocr_carea' id='block_1_1' title="bbox 140 184 1026 258">
    <p class='ocr_par' dir='ltr' id='par_1_1' title="bbox 140 184 1026 258">
     <span class='ocr_line' id='line_1_1' title="bbox 140 184 1026 258; baseline 0.005 -8"><span class='ocrx_word' id='word_1_1' title='bbox 140 193 207 258; x_wconf 79' lang='lat'><em>214</em></span> <span class='ocrx_word' id='word_1_2' title='bbox 258 196 407 250; x_wconf 72' lang='grc' dir='ltr'><em>Ηεοαοε</em></span> <span class='ocrx_word' id='word_1_3' title='bbox 425 194 691 256; x_wconf 60' lang='lat' dir='ltr'><em>mauman</em></span> <span class='ocrx_word' id='word_1_4' title='bbox 709 184 977 254; x_wconf 66' lang='grc' dir='ltr'><em>Πάουωετῑκοκ</em></span> <span class='ocrx_word' id='word_1_5' title='bbox 995 202 1026 254; x_wconf 82' lang='grc' dir='ltr'><em>ε.</em></span> 
     </span>
    </p>
   </div>
   <div class='ocr_carea' id='block_1_2' title="bbox 614 417 668 476">
    <p class='ocr_par' dir='ltr' id='par_1_2' title="bbox 614 417 668 476">
     <span class='ocr_line' id='line_1_2' title="bbox 614 417 668 476; baseline 0 0"><span class='ocrx_word' id='word_1_6' title='bbox 614 417 668 476; x_wconf 92' lang='grc' dir='ltr'><em>ΙΠ.</em></span> 
     </span>
    </p>
   </div>
   <div class='ocr_carea' id='block_1_3' title="bbox 108 533 1187 1263">
    <p class='ocr_par' dir='ltr' id='par_1_3' title="bbox 108 533 1148 835">
     <span class='ocr_line' id='line_1_3' title="bbox 108 533 1148 625; baseline 0.004 -26"><span class='ocrx_word' id='word_1_7' title='bbox 108 551 126 578; x_wconf 79' lang='lat'><em>¹²</em></span> <span class='ocrx_word' id='word_1_8' title='bbox 201 533 277 600; x_wconf 81' lang='grc' dir='ltr'><em>Ἐπί</em></span> <span class='ocrx_word' id='word_1_9' title='bbox 297 559 388 613; x_wconf 90' lang='grc' dir='ltr'><em>τινος</em></span> <span class='ocrx_word' id='word_1_10' title='bbox 410 540 524 622; x_wconf 81' lang='grc' dir='ltr'><em>βωμοῦ</em></span> <span class='ocrx_word' id='word_1_11' title='bbox 544 538 650 623; x_wconf 83' lang='grc' dir='ltr'><em>τυρὸς</em></span> <span class='ocrx_word' id='word_1_12' title='bbox 668 536 915 614; x_wconf 88' lang='grc' dir='ltr'><em>άνακαυθέντος</em></span> <span class='ocrx_word' id='word_1_13' title='bbox 934 535 1033 625; x_wconf 68' lang='grc' dir='ltr'><em>ζφλλια</em></span> <span class='ocrx_word' id='word_1_14' title='bbox 1050 561 1148 603; x_wconf 89' lang='grc' dir='ltr'><em>κατα-</em></span> 
     </span>
     <span class='ocr_line' id='line_1_4' title="bbox 139 642 1147 730; baseline 0.001 -21"><span class='ocrx_word' id='word_1_15' title='bbox 139 645 321 728; x_wconf 77' lang='grc' dir='ltr'><em>φανήσεται</em></span> <span class='ocrx_word' id='word_1_16' title='bbox 347 643 541 728; x_wconf 79' lang='grc' dir='ltr'><em>χορεύοντα·</em></span> <span class='ocrx_word' id='word_1_17' title='bbox 574 645 606 709; x_wconf 81' lang='grc' dir='ltr'><em>ολ</em></span> <span class='ocrx_word' id='word_1_18' title='bbox 632 645 695 729; x_wconf 84' lang='grc' dir='ltr'><em>γάρ</em></span> <span class='ocrx_word' id='word_1_19' title='bbox 723 642 829 730; x_wconf 79' lang='grc' dir='ltr'><em>βωμοὶ</em></span> <span class='ocrx_word' id='word_1_20' title='bbox 856 645 1042 730; x_wconf 75' lang='grc' dir='ltr'><em>διαφανεῖς,</em></span> <span class='ocrx_word' id='word_1_21' title='bbox 1073 647 1147 729; x_wconf 76' lang='grc' dir='ltr'><em>ἤτοι</em></span> 
     </span>
     <span class='ocr_line' id='line_1_5' title="bbox 138 748 681 835; baseline -0.002 -20"><span class='ocrx_word' id='word_1_22' title='bbox 138 749 271 815; x_wconf 80' lang='grc' dir='ltr'><em>ὑάλινοι</em></span> <span class='ocrx_word' id='word_1_23' title='bbox 294 748 314 832; x_wconf 74' lang='grc' dir='ltr'><em>ἢ</em></span> <span class='ocrx_word' id='word_1_24' title='bbox 336 750 518 835; x_wconf 84' lang='grc' dir='ltr'><em>κεράτινοι,</em></span> <span class='ocrx_word' id='word_1_25' title='bbox 541 752 681 815; x_wconf 79' lang='grc' dir='ltr'><em>ἔσονται.</em></span> 
     </span>
    </p>

    <p class='ocr_par' dir='ltr' id='par_1_4' title="bbox 138 854 1187 1263">
     <span class='ocr_line' id='line_1_6' title="bbox 205 854 1187 943; baseline -0.002 -22"><span class='ocrx_word' id='word_1_26' title='bbox 205 857 273 921; x_wconf 85' lang='grc' dir='ltr'><em>Διά</em></span> <span class='ocrx_word' id='word_1_27' title='bbox 299 865 360 921; x_wconf 91' lang='grc' dir='ltr'><em>τοῦ</em></span> <span class='ocrx_word' id='word_1_28' title='bbox 389 854 552 941; x_wconf 81' lang='grc' dir='ltr'><em>ἐκικύρου</em></span> <span class='ocrx_word' id='word_1_29' title='bbox 577 861 729 922; x_wconf 79' lang='grc' dir='ltr'><strong><em>καθίεται</em></strong></span> <span class='ocrx_word' id='word_1_30' title='bbox 757 857 868 941; x_wconf 78' lang='grc' dir='ltr'><em>σωλὴν</em></span> <span class='ocrx_word' id='word_1_31' title='bbox 893 857 977 943; x_wconf 84' lang='grc' dir='ltr'><em>πρὸς</em></span> <span class='ocrx_word' id='word_1_32' title='bbox 1002 854 1063 942; x_wconf 72' lang='grc' dir='ltr'><em>μέν</em></span> <span class='ocrx_word' id='word_1_33' title='bbox 1086 859 1147 943; x_wconf 77' lang='grc' dir='ltr'><em>τὴν</em></span> <span class='ocrx_word' id='word_1_34' title='bbox 1173 877 1187 919; x_wconf 82' lang='grc' dir='ltr'><em>ι</em></span> 
     </span>
     <span class='ocr_line' id='line_1_7' title="bbox 138 961 1147 1050; baseline 0.003 -23"><span class='ocrx_word' id='word_1_35' title='bbox 138 963 239 1046; x_wconf 95' lang='grc' dir='ltr'><em>βάσιν</em></span> <span class='ocrx_word' id='word_1_36' title='bbox 266 971 327 1027; x_wconf 90' lang='grc' dir='ltr'><em>τοῦ</em></span> <span class='ocrx_word' id='word_1_37' title='bbox 354 965 468 1047; x_wconf 84' lang='grc' dir='ltr'><em>βωμοῦ</em></span> <span class='ocrx_word' id='word_1_38' title='bbox 495 961 532 1028; x_wconf 89' lang='grc' dir='ltr'><em>έν</em></span> <span class='ocrx_word' id='word_1_39' title='bbox 557 964 702 1028; x_wconf 79' lang='grc' dir='ltr'><em>κνώύακι</em></span> <span class='ocrx_word' id='word_1_40' title='bbox 730 968 966 1049; x_wconf 80' lang='grc' dir='ltr'><em>στρεφόμενος,</em></span> <span class='ocrx_word' id='word_1_41' title='bbox 997 965 1081 1050; x_wconf 80' lang='grc' dir='ltr'><em>πρὸς</em></span> <span class='ocrx_word' id='word_1_42' title='bbox 1109 961 1147 1030; x_wconf 77' lang='lat'><em>66</em></span> 
     </span>
     <span class='ocr_line' id='line_1_8' title="bbox 138 1067 1146 1158; baseline 0.003 -25"><span class='ocrx_word' id='word_1_43' title='bbox 138 1069 175 1133; x_wconf 90' lang='grc' dir='ltr'><em>τὸ</em></span> <span class='ocrx_word' id='word_1_44' title='bbox 209 1070 277 1134; x_wconf 88' lang='grc' dir='ltr'><em>άνω</em></span> <span class='ocrx_word' id='word_1_45' title='bbox 309 1067 408 1155; x_wconf 82' lang='grc' dir='ltr'><em>μέρος</em></span> <span class='ocrx_word' id='word_1_46' title='bbox 441 1073 601 1157; x_wconf 81' lang='grc' dir='ltr'><em>συριχχίφ</em></span> <span class='ocrx_word' id='word_1_47' title='bbox 635 1081 780 1155; x_wconf 84' lang='grc' dir='ltr'><em>συμφυεί</em></span> <span class='ocrx_word' id='word_1_48' title='bbox 810 1072 883 1136; x_wconf 80' lang='grc' dir='ltr'><em>ὄντι</em></span> <span class='ocrx_word' id='word_1_49' title='bbox 915 1078 960 1158; x_wconf 78' lang='grc' dir='ltr'><em>τῷ</em></span> <span class='ocrx_word' id='word_1_50' title='bbox 988 1070 1146 1158; x_wconf 82' lang='grc' dir='ltr'><em>έπιιιύρφ.</em></span> 
     </span>
     <span class='ocr_line' id='line_1_9' title="bbox 138 1172 1146 1263; baseline 0.003 -23"><span class='ocrx_word' id='word_1_51' title='bbox 138 1173 235 1260; x_wconf 90' lang='grc' dir='ltr'><em>ἐχέτω</em></span> <span class='ocrx_word' id='word_1_52' title='bbox 265 1172 302 1241; x_wconf 78' lang='lat'><em>66</em></span> <span class='ocrx_word' id='word_1_53' title='bbox 327 1174 383 1240; x_wconf 88' lang='grc' dir='ltr'><em>καλ</em></span> <span class='ocrx_word' id='word_1_54' title='bbox 410 1175 649 1260; x_wconf 81' lang='grc' dir='ltr'><em>ἐπικεκαμμένα</em></span> <span class='ocrx_word' id='word_1_55' title='bbox 677 1178 866 1263; x_wconf 79' lang='grc' dir='ltr'><em>σωληνάρια</em></span> <span class='ocrx_word' id='word_1_56' title='bbox 892 1177 910 1244; x_wconf 93' lang='lat'><em>6</em></span> <span class='ocrx_word' id='word_1_57' title='bbox 934 1178 1045 1261; x_wconf 78' lang='grc' dir='ltr'><em>σωλὴν</em></span> <span class='ocrx_word' id='word_1_58' title='bbox 1068 1195 1146 1244; x_wconf 90' lang='grc' dir='ltr'><em>συν-</em></span> 
     </span>
    </p>
   </div>
   <div class='ocr_carea' id='block_1_4' title="bbox 40 1280 1146 1370">
    <p class='ocr_par' dir='ltr' id='par_1_5' title="bbox 40 1280 1146 1370">
     <span class='ocr_line' id='line_1_10' title="bbox 40 1280 1146 1370; baseline 0.002 -22"><span class='ocrx_word' id='word_1_59' title='bbox 40 1364 41 1368; x_wconf 9' lang='lat'>¹</span> <span class='ocrx_word' id='word_1_60' title='bbox 137 1281 317 1370; x_wconf 80' lang='grc' dir='ltr'><em>τετρημένα</em></span> <span class='ocrx_word' id='word_1_61' title='bbox 344 1280 400 1347; x_wconf 88' lang='grc' dir='ltr'><em>καλ</em></span> <span class='ocrx_word' id='word_1_62' title='bbox 423 1291 559 1367; x_wconf 83' lang='grc' dir='ltr'><em>συμφυῆ</em></span> <span class='ocrx_word' id='word_1_63' title='bbox 583 1280 687 1370; x_wconf 77' lang='grc' dir='ltr'><em>ἑαυτῷ</em></span> <span class='ocrx_word' id='word_1_64' title='bbox 709 1284 791 1348; x_wconf 83' lang='grc' dir='ltr'><em>κατά</em></span> <span class='ocrx_word' id='word_1_65' title='bbox 814 1284 992 1369; x_wconf 77' lang='grc' dir='ltr'><em>διάμετρον</em></span> <span class='ocrx_word' id='word_1_66' title='bbox 1013 1287 1146 1369; x_wconf 85' lang='grc' dir='ltr'><em>κείμενα</em></span> 
     </span>
    </p>
   </div>
   <div class='ocr_carea' id='block_1_5' title="bbox 81 1387 1187 1690">
    <p class='ocr_par' dir='ltr' id='par_1_6' title="bbox 81 1387 1187 1690">
     <span class='ocr_line' id='line_1_11' title="bbox 81 1387 1187 1476; baseline -0.004 -22"><span class='ocrx_word' id='word_1_67' title='bbox 81 1437 83 1442; x_wconf 89' lang='grc'>-</span> <span class='ocrx_word' id='word_1_68' title='bbox 138 1389 293 1474; x_wconf 77' lang='grc' dir='ltr'><em>ἀλλήλοις</em></span> <span class='ocrx_word' id='word_1_69' title='bbox 314 1388 370 1454; x_wconf 84' lang='grc' dir='ltr'><em>καὶ</em></span> <span class='ocrx_word' id='word_1_70' title='bbox 388 1391 446 1465; x_wconf 88' lang='grc' dir='ltr'><em>τάς</em></span> <span class='ocrx_word' id='word_1_71' title='bbox 464 1389 635 1474; x_wconf 81' lang='grc' dir='ltr'><em>&lt;καμπάς&gt;</em></span> <span class='ocrx_word' id='word_1_72' title='bbox 654 1387 708 1454; x_wconf 86' lang='grc' dir='ltr'><em>καλ</em></span> <span class='ocrx_word' id='word_1_73' title='bbox 728 1388 865 1468; x_wconf 83' lang='grc' dir='ltr'><em>ἐναλλάξ</em></span> <span class='ocrx_word' id='word_1_74' title='bbox 884 1392 1009 1475; x_wconf 85' lang='grc' dir='ltr'><em>ἔχοντα.</em></span> <span class='ocrx_word' id='word_1_75' title='bbox 1048 1389 1145 1476; x_wconf 82' lang='grc' dir='ltr'><em>ἐχέτω</em></span> <span class='ocrx_word' id='word_1_76' title='bbox 1160 1410 1187 1451; x_wconf 80' lang='lat'><em>10</em></span> 
     </span>
     <span class='ocr_line' id='line_1_12' title="bbox 138 1487 1146 1584; baseline 0.004 -25"><span class='ocrx_word' id='word_1_77' title='bbox 138 1491 175 1560; x_wconf 75' lang='grc' dir='ltr'><em>δὲ</em></span> <span class='ocrx_word' id='word_1_78' title='bbox 207 1494 225 1561; x_wconf 91' lang='lat'><em>6</em></span> <span class='ocrx_word' id='word_1_79' title='bbox 254 1496 365 1579; x_wconf 78' lang='grc' dir='ltr'><em>σωλὴν</em></span> <span class='ocrx_word' id='word_1_80' title='bbox 390 1493 445 1560; x_wconf 86' lang='grc' dir='ltr'><em>καλ</em></span> <span class='ocrx_word' id='word_1_81' title='bbox 473 1495 645 1579; x_wconf 80' lang='grc' dir='ltr'><em>τύμπανον</em></span> <span class='ocrx_word' id='word_1_82' title='bbox 673 1493 836 1581; x_wconf 87' lang='grc' dir='ltr'><em>συμφυές,</em></span> <span class='ocrx_word' id='word_1_83' title='bbox 868 1487 895 1584; x_wconf 74' lang='grc' dir='ltr'><em>ᾧ</em></span> <span class='ocrx_word' id='word_1_84' title='bbox 921 1496 1079 1562; x_wconf 81' lang='grc' dir='ltr'><em>ἐπίκειται</em></span> <span class='ocrx_word' id='word_1_85' title='bbox 1105 1499 1146 1562; x_wconf 87' lang='grc' dir='ltr'><em>τά</em></span> 
     </span>
     <span class='ocr_line' id='line_1_13' title="bbox 136 1597 1146 1690; baseline 0.003 -24"><span class='ocrx_word' id='word_1_86' title='bbox 136 1602 318 1687; x_wconf 87' lang='grc' dir='ltr'><em>χορεύοντα</em></span> <span class='ocrx_word' id='word_1_87' title='bbox 336 1601 443 1690; x_wconf 76' lang='grc' dir='ltr'><em>ζῴδια.</em></span> <span class='ocrx_word' id='word_1_88' title='bbox 485 1597 767 1687; x_wconf 80' lang='grc' dir='ltr'><em>έξαφθείσηςόὖν</em></span> <span class='ocrx_word' id='word_1_89' title='bbox 789 1611 847 1686; x_wconf 80' lang='grc' dir='ltr'><em>τῆς</em></span> <span class='ocrx_word' id='word_1_90' title='bbox 868 1606 991 1680; x_wconf 78' lang='grc' dir='ltr'><em>θυσίας</em></span> <span class='ocrx_word' id='word_1_91' title='bbox 1008 1610 1146 1690; x_wconf 91' lang='grc' dir='ltr'><em>θερμαι-</em></span> 
     </span>
    </p>
   </div>
   <div class='ocr_carea' id='block_1_6' title="bbox 137 1759 1186 2823">
    <p class='ocr_par' dir='ltr' id='par_1_7' title="bbox 138 1759 1146 1940">
     <span class='ocr_line' id='line_1_14' title="bbox 204 1759 1146 1849; baseline 0.004 -24"><span class='ocrx_word' id='word_1_92' title='bbox 204 1766 304 1842; x_wconf 77' lang='lat' dir='ltr'>Caput</span> <span class='ocrx_word' id='word_1_93' title='bbox 325 1767 372 1825; x_wconf 88' lang='lat' dir='ltr'><em>HI</em></span> <span class='ocrx_word' id='word_1_94' title='bbox 394 1767 556 1826; x_wconf 78' lang='lat' dir='ltr'><strong>secundum</strong></span> <span class='ocrx_word' id='word_1_95' title='bbox 579 1761 616 1826; x_wconf 79' lang='lat' dir='ltr'><em>b:</em></span> <span class='ocrx_word' id='word_1_96' title='bbox 636 1759 707 1825; x_wconf 82' lang='grc' dir='ltr'><em>Ἐκί</em></span> <span class='ocrx_word' id='word_1_97' title='bbox 726 1788 807 1838; x_wconf 88' lang='grc' dir='ltr'><em>τινος</em></span> <span class='ocrx_word' id='word_1_98' title='bbox 830 1768 934 1846; x_wconf 82' lang='grc' dir='ltr'><em>βωμοῦ</em></span> <span class='ocrx_word' id='word_1_99' title='bbox 957 1765 1050 1849; x_wconf 83' lang='grc' dir='ltr'><em>τιυρὸς</em></span> <span class='ocrx_word' id='word_1_100' title='bbox 1073 1765 1146 1828; x_wconf 87' lang='grc' dir='ltr'><em>άνα-</em></span> 
     </span>
     <span class='ocr_line' id='line_1_15' title="bbox 138 1851 1082 1940; baseline 0.003 -26"><span class='ocrx_word' id='word_1_101' title='bbox 138 1851 270 1932; x_wconf 87' lang='grc' dir='ltr'><em>φθέντος</em></span> <span class='ocrx_word' id='word_1_102' title='bbox 294 1851 384 1940; x_wconf 74' lang='grc' dir='ltr'><em>ζῴδιά</em></span> <span class='ocrx_word' id='word_1_103' title='bbox 405 1877 472 1915; x_wconf 88' lang='grc' dir='ltr'><em>τινα</em></span> <span class='ocrx_word' id='word_1_104' title='bbox 493 1859 639 1927; x_wconf 77' lang='grc' dir='ltr'><em>κυκλικῶς</em></span> <span class='ocrx_word' id='word_1_105' title='bbox 662 1854 800 1933; x_wconf 80' lang='grc' dir='ltr'><em>ἱστάμενα</em></span> <span class='ocrx_word' id='word_1_106' title='bbox 823 1854 922 1916; x_wconf 84' lang='grc' dir='ltr'><em>δοκεῖν</em></span> <span class='ocrx_word' id='word_1_107' title='bbox 944 1857 1082 1937; x_wconf 88' lang='grc' dir='ltr'><em>χορεύειν.</em></span> 
     </span>
    </p>

    <p class='ocr_par' dir='ltr' id='par_1_8' title="bbox 137 1939 1186 2823">
     <span class='ocr_line' id='line_1_16' title="bbox 197 1939 1186 2027; baseline -0.001 -25"><span class='ocrx_word' id='word_1_108' title='bbox 197 1939 294 2005; x_wconf 85' lang='grc' dir='ltr'><em>Ἔστω</em></span> <span class='ocrx_word' id='word_1_109' title='bbox 320 1941 418 2023; x_wconf 83' lang='grc' dir='ltr'><em>βωμὸς</em></span> <span class='ocrx_word' id='word_1_110' title='bbox 442 1941 457 2003; x_wconf 98' lang='lat'><em>6</em></span> <span class='ocrx_word' id='word_1_111' title='bbox 481 1947 599 2004; x_wconf 87' lang='grc' dir='ltr'><em>ΑΒΓΔ</em></span> <span class='ocrx_word' id='word_1_112' title='bbox 620 1942 671 2004; x_wconf 86' lang='grc' dir='ltr'><em>καλ</em></span> <span class='ocrx_word' id='word_1_113' title='bbox 693 1941 725 2004; x_wconf 91' lang='grc' dir='ltr'><em>ἐν</em></span> <span class='ocrx_word' id='word_1_114' title='bbox 749 1943 827 2027; x_wconf 79' lang='grc' dir='ltr'><em>αὐτῷ</em></span> <span class='ocrx_word' id='word_1_115' title='bbox 850 1942 995 2024; x_wconf 84' lang='grc' dir='ltr'><em>ἐκίκυρον</em></span> <span class='ocrx_word' id='word_1_116' title='bbox 1016 1944 1049 2007; x_wconf 80' lang='grc' dir='ltr'><em>τὸ</em></span> <span class='ocrx_word' id='word_1_117' title='bbox 1073 1949 1144 2006; x_wconf 85' lang='grc' dir='ltr'><em>ΕΖ·</em></span> <span class='ocrx_word' id='word_1_118' title='bbox 1159 1959 1186 2001; x_wconf 82' lang='grc' dir='ltr'><em>ιο</em></span> 
     </span>
     <span class='ocr_line' id='line_1_17' title="bbox 138 2029 1145 2114; baseline 0.005 -23"><span class='ocrx_word' id='word_1_119' title='bbox 138 2029 196 2093; x_wconf 80' lang='grc' dir='ltr'><em>άπὸ</em></span> <span class='ocrx_word' id='word_1_120' title='bbox 225 2029 257 2094; x_wconf 76' lang='grc' dir='ltr'><em>δὲ</em></span> <span class='ocrx_word' id='word_1_121' title='bbox 283 2041 336 2111; x_wconf 77' lang='grc' dir='ltr'><em>τῆς</em></span> <span class='ocrx_word' id='word_1_122' title='bbox 362 2041 499 2112; x_wconf 79' lang='grc' dir='ltr'><em>κορυφῆς</em></span> <span class='ocrx_word' id='word_1_123' title='bbox 526 2042 578 2094; x_wconf 88' lang='grc' dir='ltr'><em>τοῦ</em></span> <span class='ocrx_word' id='word_1_124' title='bbox 606 2031 751 2111; x_wconf 88' lang='grc' dir='ltr'><em>ἐτιιτιύρου</em></span> <span class='ocrx_word' id='word_1_125' title='bbox 775 2031 872 2110; x_wconf 71' lang='grc' dir='ltr'><em>σωλὴν</em></span> <span class='ocrx_word' id='word_1_126' title='bbox 894 2034 1049 2096; x_wconf 80' lang='grc' dir='ltr'><em>καθείσθω</em></span> <span class='ocrx_word' id='word_1_127' title='bbox 1070 2032 1145 2114; x_wconf 83' lang='grc' dir='ltr'><em>πρὸς</em></span> 
     </span>
     <span class='ocr_line' id='line_1_18' title="bbox 137 2114 1145 2206; baseline 0.003 -25"><span class='ocrx_word' id='word_1_128' title='bbox 137 2119 192 2200; x_wconf 78' lang='grc' dir='ltr'><em>τὴν</em></span> <span class='ocrx_word' id='word_1_129' title='bbox 215 2122 304 2201; x_wconf 92' lang='grc' dir='ltr'><em>βάσιν</em></span> <span class='ocrx_word' id='word_1_130' title='bbox 327 2130 379 2182; x_wconf 86' lang='grc' dir='ltr'><em>τοῦ</em></span> <span class='ocrx_word' id='word_1_131' title='bbox 402 2123 505 2201; x_wconf 82' lang='grc' dir='ltr'><em>βωμοῦ</em></span> <span class='ocrx_word' id='word_1_132' title='bbox 529 2119 544 2181; x_wconf 98' lang='lat'><em>6</em></span> <span class='ocrx_word' id='word_1_133' title='bbox 569 2123 647 2200; x_wconf 86' lang='grc' dir='ltr'><em>ΗΘ,</em></span> <span class='ocrx_word' id='word_1_134' title='bbox 676 2114 713 2182; x_wconf 83' lang='lat'><em>06</em></span> <span class='ocrx_word' id='word_1_135' title='bbox 735 2118 767 2181; x_wconf 84' lang='grc' dir='ltr'><em>τὸ</em></span> <span class='ocrx_word' id='word_1_136' title='bbox 791 2120 865 2202; x_wconf 76' lang='grc' dir='ltr'><em>πρὸς</em></span> <span class='ocrx_word' id='word_1_137' title='bbox 887 2127 927 2206; x_wconf 78' lang='grc' dir='ltr'><em>τῷ</em></span> <span class='ocrx_word' id='word_1_138' title='bbox 954 2124 980 2183; x_wconf 86' lang='grc' dir='ltr'><strong>Θ</strong></span> <span class='ocrx_word' id='word_1_139' title='bbox 1002 2121 1090 2204; x_wconf 86' lang='grc' dir='ltr'><em>μέρος</em></span> <span class='ocrx_word' id='word_1_140' title='bbox 1112 2122 1145 2184; x_wconf 89' lang='grc' dir='ltr'><em>ἐν</em></span> 
     </span>
     <span class='ocr_line' id='line_1_19' title="bbox 137 2203 1145 2293; baseline 0.003 -23"><span class='ocrx_word' id='word_1_141' title='bbox 137 2210 270 2271; x_wconf 84' lang='grc' dir='ltr'><em>κνώδακι</em></span> <span class='ocrx_word' id='word_1_142' title='bbox 297 2208 477 2291; x_wconf 87' lang='grc' dir='ltr'><em>στρεφέσθω.</em></span> <span class='ocrx_word' id='word_1_143' title='bbox 523 2208 607 2290; x_wconf 86' lang='grc' dir='ltr'><em>ἐχέτω</em></span> <span class='ocrx_word' id='word_1_144' title='bbox 632 2206 665 2270; x_wconf 78' lang='grc' dir='ltr'><em>δέ</em></span> <span class='ocrx_word' id='word_1_145' title='bbox 688 2207 703 2269; x_wconf 96' lang='lat'><em>6</em></span> <span class='ocrx_word' id='word_1_146' title='bbox 727 2209 824 2288; x_wconf 71' lang='grc' dir='ltr'><em>σωλὴν</em></span> <span class='ocrx_word' id='word_1_147' title='bbox 847 2203 934 2283; x_wconf 76' lang='grc' dir='ltr'><em>οὗτος</em></span> <span class='ocrx_word' id='word_1_148' title='bbox 955 2210 1006 2272; x_wconf 85' lang='grc' dir='ltr'><em>καλ</em></span> <span class='ocrx_word' id='word_1_149' title='bbox 1028 2209 1145 2293; x_wconf 78' lang='grc' dir='ltr'><em>ἐτέρους</em></span> 
     </span>
     <span class='ocr_line' id='line_1_20' title="bbox 139 2295 1145 2380; baseline 0.004 -22"><span class='ocrx_word' id='word_1_150' title='bbox 139 2303 272 2378; x_wconf 77' lang='grc' dir='ltr'><em>σωλῆνας</em></span> <span class='ocrx_word' id='word_1_151' title='bbox 304 2297 443 2379; x_wconf 87' lang='grc' dir='ltr'><em>τέσσαρας</em></span> <span class='ocrx_word' id='word_1_152' title='bbox 475 2297 634 2380; x_wconf 77' lang='grc' dir='ltr'><em>ἐγκαρσίας</em></span> <span class='ocrx_word' id='word_1_153' title='bbox 660 2295 813 2377; x_wconf 86' lang='grc' dir='ltr'><em>κειμένους</em></span> <span class='ocrx_word' id='word_1_154' title='bbox 840 2298 890 2360; x_wconf 86' lang='grc' dir='ltr'><em>καλ</em></span> <span class='ocrx_word' id='word_1_155' title='bbox 917 2299 1145 2380; x_wconf 84' lang='grc' dir='ltr'><em>διαμετροῦντας</em></span> 
     </span>
     <span class='ocr_line' id='line_1_21' title="bbox 138 2383 1186 2474; baseline -0.001 -28"><span class='ocrx_word' id='word_1_156' title='bbox 138 2384 293 2466; x_wconf 80' lang='grc' dir='ltr'><em>ἀλλήλους,</em></span> <span class='ocrx_word' id='word_1_157' title='bbox 314 2386 347 2448; x_wconf 86' lang='grc' dir='ltr'><em>ἐν</em></span> <span class='ocrx_word' id='word_1_158' title='bbox 369 2393 409 2472; x_wconf 80' lang='grc' dir='ltr'><em>τῷ</em></span> <span class='ocrx_word' id='word_1_159' title='bbox 433 2386 512 2473; x_wconf 78' lang='grc' dir='ltr'><em>αύτῷ</em></span> <span class='ocrx_word' id='word_1_160' title='bbox 535 2385 614 2467; x_wconf 88' lang='grc' dir='ltr'><em>μέρει</em></span> <span class='ocrx_word' id='word_1_161' title='bbox 637 2383 668 2448; x_wconf 81' lang='grc' dir='ltr'><em>δὲ</em></span> <span class='ocrx_word' id='word_1_162' title='bbox 692 2386 932 2467; x_wconf 84' lang='grc' dir='ltr'><em>συνακτομένους</em></span> <span class='ocrx_word' id='word_1_163' title='bbox 955 2394 994 2474; x_wconf 80' lang='grc' dir='ltr'><em>τῷ</em></span> <span class='ocrx_word' id='word_1_164' title='bbox 1015 2387 1073 2451; x_wconf 80' lang='grc' dir='ltr'><em>ἀπὸ</em></span> <span class='ocrx_word' id='word_1_165' title='bbox 1091 2399 1144 2469; x_wconf 76' lang='grc' dir='ltr'><em>τῆς</em></span> <span class='ocrx_word' id='word_1_166' title='bbox 1159 2405 1186 2445; x_wconf 80' lang='grc' dir='ltr'><em>εο</em></span> 
     </span>
     <span class='ocr_line' id='line_1_22' title="bbox 137 2474 1145 2562; baseline 0.004 -27"><span class='ocrx_word' id='word_1_167' title='bbox 137 2484 274 2555; x_wconf 77' lang='grc' dir='ltr'><em>κορυφῆς</em></span> <span class='ocrx_word' id='word_1_168' title='bbox 293 2481 403 2555; x_wconf 78' lang='grc' dir='ltr'><em>σωλῆνι</em></span> <span class='ocrx_word' id='word_1_169' title='bbox 421 2477 528 2562; x_wconf 77' lang='grc' dir='ltr'><em>τούτῳ·</em></span> <span class='ocrx_word' id='word_1_170' title='bbox 548 2476 654 2548; x_wconf 77' lang='grc' dir='ltr'><em>οἵτινες</em></span> <span class='ocrx_word' id='word_1_171' title='bbox 673 2474 710 2554; x_wconf 76' lang='grc' dir='ltr'><em>δὴ</em></span> <span class='ocrx_word' id='word_1_172' title='bbox 729 2476 847 2558; x_wconf 80' lang='grc' dir='ltr'><em>πλάγιοι</em></span> <span class='ocrx_word' id='word_1_173' title='bbox 861 2482 990 2556; x_wconf 81' lang='grc' dir='ltr'><em>σωλῆνες</em></span> <span class='ocrx_word' id='word_1_174' title='bbox 1004 2476 1145 2558; x_wconf 82' lang='grc' dir='ltr'><em>ἐχέτωσαν</em></span> 
     </span>
     <span class='ocr_line' id='line_1_23' title="bbox 138 2561 1145 2649; baseline 0.006 -26"><span class='ocrx_word' id='word_1_175' title='bbox 138 2561 187 2624; x_wconf 85' lang='grc' dir='ltr'><em>ἐτιλ</em></span> <span class='ocrx_word' id='word_1_176' title='bbox 213 2573 272 2624; x_wconf 86' lang='grc' dir='ltr'><em>τῶν</em></span> <span class='ocrx_word' id='word_1_177' title='bbox 299 2562 398 2646; x_wconf 86' lang='grc' dir='ltr'><em>άκρων</em></span> <span class='ocrx_word' id='word_1_178' title='bbox 426 2562 603 2644; x_wconf 85' lang='grc' dir='ltr'><em>ἐκικαμτιάς,</em></span> <span class='ocrx_word' id='word_1_179' title='bbox 631 2564 703 2625; x_wconf 80' lang='grc' dir='ltr'><em>ὥστε</em></span> <span class='ocrx_word' id='word_1_180' title='bbox 730 2564 781 2627; x_wconf 85' lang='grc' dir='ltr'><em>τὸν</em></span> <span class='ocrx_word' id='word_1_181' title='bbox 804 2561 857 2626; x_wconf 75' lang='grc' dir='ltr'><em>ἕνα</em></span> <span class='ocrx_word' id='word_1_182' title='bbox 878 2565 951 2646; x_wconf 84' lang='grc' dir='ltr'><em>πρὸς</em></span> <span class='ocrx_word' id='word_1_183' title='bbox 974 2564 1025 2627; x_wconf 81' lang='grc' dir='ltr'><em>τὸν</em></span> <span class='ocrx_word' id='word_1_184' title='bbox 1048 2565 1145 2649; x_wconf 72' lang='grc' dir='ltr'><em>ἕτερον</em></span> 
     </span>
     <span class='ocr_line' id='line_1_24' title="bbox 140 2648 1145 2737; baseline 0.006 -26"><span class='ocrx_word' id='word_1_185' title='bbox 140 2648 330 2732; x_wconf 83' lang='grc' dir='ltr'><em>στρέφεσθαι’</em></span> <span class='ocrx_word' id='word_1_186' title='bbox 357 2651 406 2714; x_wconf 85' lang='grc' dir='ltr'><em>ἐκλ</em></span> <span class='ocrx_word' id='word_1_187' title='bbox 428 2655 540 2715; x_wconf 88' lang='grc' dir='ltr'><em>τούτων</em></span> <span class='ocrx_word' id='word_1_188' title='bbox 564 2651 596 2714; x_wconf 83' lang='grc' dir='ltr'><em>δέ</em></span> <span class='ocrx_word' id='word_1_189' title='bbox 619 2663 677 2714; x_wconf 85' lang='grc' dir='ltr'><em>τῶν</em></span> <span class='ocrx_word' id='word_1_190' title='bbox 700 2653 841 2731; x_wconf 77' lang='grc' dir='ltr'><em>σωλήνων</em></span> <span class='ocrx_word' id='word_1_191' title='bbox 863 2653 937 2736; x_wconf 83' lang='grc' dir='ltr'><em>πρὸς</em></span> <span class='ocrx_word' id='word_1_192' title='bbox 960 2661 1021 2728; x_wconf 87' lang='grc' dir='ltr'><em>τοῖς</em></span> <span class='ocrx_word' id='word_1_193' title='bbox 1044 2653 1145 2737; x_wconf 81' lang='grc' dir='ltr'><em>άκροις</em></span> 
     </span>
     <span class='ocr_line' id='line_1_25' title="bbox 138 2737 1145 2823; baseline 0.006 -22"><span class='ocrx_word' id='word_1_194' title='bbox 138 2739 297 2802; x_wconf 83' lang='grc' dir='ltr'><em>ἐκικείσθω</em></span> <span class='ocrx_word' id='word_1_195' title='bbox 333 2743 441 2814; x_wconf 87' lang='grc' dir='ltr'><em>κύκλος</em></span> <span class='ocrx_word' id='word_1_196' title='bbox 478 2741 618 2822; x_wconf 77' lang='grc' dir='ltr'><em>συμφυὴς</em></span> <span class='ocrx_word' id='word_1_197' title='bbox 649 2741 749 2815; x_wconf 81' lang='grc' dir='ltr'><em>αὐτοῖς</em></span> <span class='ocrx_word' id='word_1_198' title='bbox 782 2740 798 2802; x_wconf 93' lang='lat'><em>6</em></span> <span class='ocrx_word' id='word_1_199' title='bbox 830 2746 988 2822; x_wconf 86' lang='grc' dir='ltr'><strong><em>ΚΛΜΝ,</em></strong></span> <span class='ocrx_word' id='word_1_200' title='bbox 1024 2737 1074 2823; x_wconf 86' lang='grc' dir='ltr'><em>ἐφ’</em></span> <span class='ocrx_word' id='word_1_201' title='bbox 1108 2738 1145 2807; x_wconf 78' lang='grc' dir='ltr'><em>ού</em></span> 
     </span>
    </p>
   </div>
   <div class='ocr_carea' id='block_1_7' title="bbox 136 2947 1149 3288">
    <p class='ocr_par' dir='ltr' id='par_1_9' title="bbox 136 2947 1149 3288">
     <span class='ocr_line' id='line_1_26' title="bbox 209 2947 1145 3022; baseline 0.005 -21"><span class='ocrx_word' id='word_1_202' title='bbox 209 2953 222 3001; x_wconf 94' lang='grc'>1</span> <span class='ocrx_word' id='word_1_203' title='bbox 242 2947 284 3002; x_wconf 82' lang='lat' dir='ltr'><em>De</em></span> <span class='ocrx_word' id='word_1_204' title='bbox 304 2947 387 3002; x_wconf 83' lang='lat' dir='ltr'>huius</span> <span class='ocrx_word' id='word_1_205' title='bbox 407 2947 507 3018; x_wconf 75' lang='lat' dir='ltr'><strong>capitis</strong></span> <span class='ocrx_word' id='word_1_206' title='bbox 525 2947 556 3002; x_wconf 87' lang='lat' dir='ltr'><em>in</em></span> <span class='ocrx_word' id='word_1_207' title='bbox 574 2947 692 3020; x_wconf 80' lang='lat' dir='ltr'>singulis</span> <span class='ocrx_word' id='word_1_208' title='bbox 711 2948 855 3004; x_wconf 76' lang='lat' dir='ltr'><strong>codicibus</strong></span> <span class='ocrx_word' id='word_1_209' title='bbox 873 2948 934 3004; x_wconf 87' lang='grc' dir='ltr'><em>Ιοοο</em></span> <span class='ocrx_word' id='word_1_210' title='bbox 952 2967 977 3005; x_wconf 87' lang='lat' dir='ltr'><em>v.</em></span> <span class='ocrx_word' id='word_1_211' title='bbox 992 2949 1145 3022; x_wconf 83' lang='lat' dir='ltr'><strong>prolegom.</strong></span> 
     </span>
     <span class='ocr_line' id='line_1_27' title="bbox 173 3018 1145 3093; baseline 0.003 -20"><span class='ocrx_word' id='word_1_212' title='bbox 173 3025 242 3073; x_wconf 74' lang='lat'><em>2-3</em></span> <span class='ocrx_word' id='word_1_213' title='bbox 261 3019 490 3089; x_wconf 81' lang='grc' dir='ltr'><em>καταφανήσεται</em></span> <span class='ocrx_word' id='word_1_214' title='bbox 506 3018 573 3075; x_wconf 81' lang='lat' dir='ltr'><em>AG:</em></span> <span class='ocrx_word' id='word_1_215' title='bbox 592 3020 849 3089; x_wconf 81' lang='grc' dir='ltr'><em>καταφανίζεταιΤ</em></span> <span class='ocrx_word' id='word_1_216' title='bbox 921 3026 1011 3076; x_wconf 76' lang='lat' dir='ltr'><strong>bnon</strong></span> <span class='ocrx_word' id='word_1_217' title='bbox 1030 3020 1145 3093; x_wconf 77' lang='lat' dir='ltr'>disting.</span> 
     </span>
     <span class='ocr_line' id='line_1_28' title="bbox 138 3087 1149 3164; baseline 0.004 -20"><span class='ocrx_word' id='word_1_218' title='bbox 138 3090 217 3145; x_wconf 82' lang='lat' dir='ltr'><strong>codd.</strong></span> <span class='ocrx_word' id='word_1_219' title='bbox 291 3096 306 3145; x_wconf 82' lang='grc'><strong>7</strong></span> <span class='ocrx_word' id='word_1_220' title='bbox 324 3091 343 3146; x_wconf 84' lang='lat' dir='ltr'><em>f.</em></span> <span class='ocrx_word' id='word_1_221' title='bbox 358 3087 432 3164; x_wconf 83' lang='grc' dir='ltr'><em>(ἐν)</em></span> <span class='ocrx_word' id='word_1_222' title='bbox 449 3093 580 3163; x_wconf 80' lang='grc' dir='ltr'><em>συριχχίῳ</em></span> <span class='ocrx_word' id='word_1_223' title='bbox 652 3097 776 3162; x_wconf 79' lang='grc' dir='ltr'><em>συμφυεῖ</em></span> <span class='ocrx_word' id='word_1_224' title='bbox 790 3091 832 3145; x_wconf 85' lang='lat' dir='ltr'><em>M:</em></span> <span class='ocrx_word' id='word_1_225' title='bbox 852 3100 965 3162; x_wconf 85' lang='grc' dir='ltr'><em>συμφυῆ</em></span> <span class='ocrx_word' id='word_1_226' title='bbox 984 3108 1003 3147; x_wconf 75' lang='lat' dir='ltr'><strong>a</strong></span> <span class='ocrx_word' id='word_1_227' title='bbox 1021 3095 1048 3163; x_wconf 78' lang='grc' dir='ltr'><em>(ἠ</em></span> <span class='ocrx_word' id='word_1_228' title='bbox 1068 3109 1102 3147; x_wconf 86' lang='lat' dir='ltr'><em>ex</em></span> <span class='ocrx_word' id='word_1_229' title='bbox 1120 3100 1149 3148; x_wconf 85' lang='grc' dir='ltr'><em>εἰ</em></span> 
     </span>
     <span class='ocr_line' id='line_1_29' title="bbox 137 3161 1146 3232; baseline 0.003 -17"><span class='ocrx_word' id='word_1_230' title='bbox 137 3178 204 3216; x_wconf 85' lang='lat' dir='ltr'>corr.</span> <span class='ocrx_word' id='word_1_231' title='bbox 224 3161 259 3232; x_wconf 85' lang='lat' dir='ltr'><em>A)</em></span> <span class='ocrx_word' id='word_1_232' title='bbox 332 3168 365 3216; x_wconf 92' lang='grc'><em>10</em></span> <span class='ocrx_word' id='word_1_233' title='bbox 386 3163 499 3232; x_wconf 79' lang='grc' dir='ltr'><em>καμπὰς</em></span> <span class='ocrx_word' id='word_1_234' title='bbox 516 3161 558 3217; x_wconf 82' lang='lat' dir='ltr'><em>M:</em></span> <span class='ocrx_word' id='word_1_235' title='bbox 582 3179 634 3216; x_wconf 78' lang='lat' dir='ltr'><em>om</em></span> <span class='ocrx_word' id='word_1_236' title='bbox 654 3178 672 3217; x_wconf 72' lang='grc' dir='ltr'><em>ε</em></span> <span class='ocrx_word' id='word_1_237' title='bbox 695 3161 793 3232; x_wconf 76' lang='lat' dir='ltr'><strong>spatiis</strong></span> <span class='ocrx_word' id='word_1_238' title='bbox 816 3161 975 3218; x_wconf 67' lang='lat' dir='ltr'>litterarum</span> <span class='ocrx_word' id='word_1_239' title='bbox 997 3163 1146 3232; x_wconf 78' lang='lat' dir='ltr'>quinarum</span> 
     </span>
     <span class='ocr_line' id='line_1_30' title="bbox 136 3232 566 3288; baseline 0.005 -2"><span class='ocrx_word' id='word_1_240' title='bbox 136 3233 181 3287; x_wconf 86' lang='lat' dir='ltr'><em>vel</em></span> <span class='ocrx_word' id='word_1_241' title='bbox 199 3250 328 3288; x_wconf 78' lang='lat' dir='ltr'>senarum</span> <span class='ocrx_word' id='word_1_242' title='bbox 346 3233 441 3288; x_wconf 78' lang='lat' dir='ltr'><strong>vacuis</strong></span> <span class='ocrx_word' id='word_1_243' title='bbox 460 3232 566 3288; x_wconf 76' lang='lat' dir='ltr'><strong>relictis</strong></span> 
     </span>
    </p>
   </div>
   <div class='ocr_carea' id='block_1_8' title="bbox 137 3417 1145 3626">
    <p class='ocr_par' dir='ltr' id='par_1_10' title="bbox 137 3417 1145 3626">
     <span class='ocr_line' id='line_1_31' title="bbox 209 3417 1145 3518; baseline 0.001 -35"><span class='ocrx_word' id='word_1_244' title='bbox 209 3419 307 3498; x_wconf 69' lang='grc' dir='ltr'><em>ειη-ο</em></span> <span class='ocrx_word' id='word_1_245' title='bbox 330 3430 391 3483; x_wconf 82' lang='lat' dir='ltr'><em>BL:</em></span> <span class='ocrx_word' id='word_1_246' title='bbox 421 3417 536 3517; x_wconf 54' lang='lat' dir='ltr'><em>MP</em></span> <span class='ocrx_word' id='word_1_247' title='bbox 625 3433 662 3498; x_wconf 68' lang='grc' dir='ltr'><em>τῷ</em></span> <span class='ocrx_word' id='word_1_248' title='bbox 684 3427 780 3518; x_wconf 29' lang='grc' dir='ltr'><em>Βιιιο</em></span> <span class='ocrx_word' id='word_1_249' title='bbox 803 3427 851 3482; x_wconf 74' lang='lat' dir='ltr'><em>GP</em></span> <span class='ocrx_word' id='word_1_250' title='bbox 940 3435 972 3484; x_wconf 86' lang='lat'><em>18</em></span> <span class='ocrx_word' id='word_1_251' title='bbox 995 3430 1027 3485; x_wconf 72' lang='grc' dir='ltr'><em>οι</em></span> <span class='ocrx_word' id='word_1_252' title='bbox 1052 3431 1145 3485; x_wconf 77' lang='lat' dir='ltr'><strong>om.L</strong></span> 
     </span>
     <span class='ocr_line' id='line_1_32' title="bbox 137 3497 1145 3626; baseline 0.004 -73"><span class='ocrx_word' id='word_1_253' title='bbox 137 3497 364 3626; x_wconf 40' lang='lat' dir='ltr'><em>&amp;zlgtvggafiac</em></span> <span class='ocrx_word' id='word_1_254' title='bbox 386 3500 421 3554; x_wconf 91' lang='lat' dir='ltr'><em>B:</em></span> <span class='ocrx_word' id='word_1_255' title='bbox 451 3502 468 3554; x_wconf 85' lang='lat'><em>6</em></span> <span class='ocrx_word' id='word_1_256' title='bbox 501 3499 547 3554; x_wconf 79' lang='grc' dir='ltr'><em>ΟΡ</em></span> <span class='ocrx_word' id='word_1_257' title='bbox 624 3504 657 3552; x_wconf 78' lang='lat'><em>21</em></span> <span class='ocrx_word' id='word_1_258' title='bbox 682 3517 769 3572; x_wconf 80' lang='grc' dir='ltr'><em>τουτφ</em></span> <span class='ocrx_word' id='word_1_259' title='bbox 792 3500 824 3556; x_wconf 86' lang='lat' dir='ltr'><em>b:</em></span> <span class='ocrx_word' id='word_1_260' title='bbox 853 3500 946 3554; x_wconf 85' lang='lat' dir='ltr'><strong>0m.L</strong></span> <span class='ocrx_word' id='word_1_261' title='bbox 1024 3503 1042 3555; x_wconf 86' lang='lat'><em>6</em></span> <span class='ocrx_word' id='word_1_262' title='bbox 1082 3501 1145 3557; x_wconf 73' lang='lat' dir='ltr'><em>BOt</em></span> 
     </span>
    </p>
   </div>
   <div class='ocr_carea' id='block_1_9' title="bbox 0 0 1302 3892">
    <p class='ocr_par' dir='ltr' id='par_1_11' title="bbox 0 0 1302 3892">
     <span class='ocr_line' id='line_1_33' title="bbox 0 0 1302 3892; baseline 0 0"><span class='ocrx_word' id='word_1_263' title='bbox 0 0 1302 3892; x_wconf 95' lang='lat' dir='ltr'><em> </em></span> 
     </span>
    </p>
   </div>
  </div>
 </body>
</html>
