2596 3886
144 147 211 213 290
264 148 413 204 muoz
430 144 698 208 mmmm
715 147 985 201 mmmm
1001 149 1034 202 Β.

145 311 256 399 δεύσει
282 310 320 377 τὸ
347 318 470 397 κρᾶμα,
496 319 557 376 τοῦ
584 307 681 396 άέρος
708 311 938 386 είσπίπτοντος
960 310 1017 374 διά
1039 317 1100 374 τοῦ
1125 312 1156 374 Θ

145 420 309 501 διαυγίου.
350 416 429 482 ὅταν
450 412 488 482 δέ
504 417 765 500 καταλαβόμενοι
782 415 820 480 τὸ
841 419 870 479 Θ
888 415 1044 498 διαὺγιον
1060 415 1154 501 ὑδωρ
1202 459 1204 464 ·

144 523 297 610 καθαρὸν
323 519 540 607 έπεγχέωμεν,
568 521 605 586 τὸ
632 516 694 606 μέν
720 530 828 607 κρᾶμα
855 521 895 586 οὑ
920 521 1074 607 ὀνήσεται
1097 523 1155 587 διδ

9 679 13 686 ·
123 712 126 717 ¹
144 632 182 697 τὸ
204 631 248 716 μὴ
272 632 359 715 ἔχειν
381 629 601 715 παρείσδυσιν
622 628 683 692 τδυ
705 625 796 714 ἀέρα,
818 627 909 714 ὑδωρ
934 623 971 693 δὲ
992 630 1154 716 καθαρόν.

145 737 225 802 ὅταν
248 731 286 802 δὲ
304 735 435 820 ἀνῶμεν
452 735 490 802 τὸ
511 738 550 818 Θ,
573 733 744 820 ἀμφότερα
762 733 928 819 ὀνήσεται,
950 736 988 800 τό
1007 757 1043 800 τε
1059 734 1152 821 ὑδωρ
1180 750 1195 792 ⁵

61 843 65 851 '
99 850 101 854 ’
143 841 199 909 καὶ
234 843 273 908 τὸ
309 851 432 928 κρᾶμα,
467 840 486 906 ὃ
523 841 565 924 δὴ
601 838 634 918 ἐξ
666 837 863 925 ἀμφοτέρων
893 838 996 906 πάλιν
1026 844 1155 924 γίνεται

144 957 260 1036 κρᾶμα.

589 1085 707 1153 XXIX.

91 1231 130 1271 21⁷
206 1211 358 1297 Ἀγγείου
389 1214 486 1290 ὄντος
516 1209 570 1278 ἐπὶ
601 1213 727 1297 βάσεως
758 1209 814 1277 καὶ
844 1213 992 1298 κρουνὸν
1020 1215 1154 1299 ἔχοντος

143 1317 298 1406 ὑπεράνω
325 1326 385 1385 τοῦ
409 1316 580 1404 πυθμένος
677 1316 733 1385 καὶ
756 1315 980 1404 έγγυνομένου
1002 1321 1049 1396 είς
1072 1320 1152 1386 αὐτὸ
1168 1338 1196 1379 1⁰

143 1425 279 1510 ὑδατος,
311 1421 366 1492 ὁτὲ
397 1421 458 1511 μὲν
488 1425 640 1519 καθαρὸν
670 1425 708 1491 τὸ
740 1425 833 1511 ὑδωρ
864 1423 1003 1511 ἐκρέειν,
1034 1423 1089 1493 δτέ
1115 1423 1153 1493 δὲ

143 1542 266 1619 κρᾶμα,
289 1528 344 1598 δτὺ
366 1528 405 1597 δέ
426 1534 532 1617 μόνον
554 1533 706 1617 άκρατον.
799 1551 802 1556 ’

200 1637 308 1704 Ἔστω
340 1637 476 1722 ἀγγεῖον
506 1639 544 1703 τὸ
571 1642 637 1703 AB
668 1636 722 1704 ἐπὶ
748 1639 875 1723 βάσεως
902 1639 1049 1724 κρουνὸν
1076 1642 1153 1725 ἔχον

143 1745 203 1811 τὸν
222 1748 294 1829 ΓΔ,
314 1740 355 1811 οὗ
373 1746 411 1810 τὸ
431 1747 464 1810 Γ
476 1746 614 1830 στόμιον
630 1744 784 1832 ὑπεράνω
804 1747 885 1810 ἔστω
904 1754 965 1811 τοῦ
982 1745 1153 1832 πυθμένος

143 1860 204 1918 τοῦ
232 1851 377 1935 ἀγγείου.
423 1852 662 1936 διαπεφράχθω
691 1847 729 1917 δὲ
752 1852 812 1916 τὸν
833 1852 999 1938 τράχηλον
1020 1861 1067 1940 τῷ
1089 1857 1153 1918 ΕΖ
1167 1868 1195 1910 1⁵

144 1958 383 2044 διαφράγματι,
412 1956 455 2023 δι’
488 1953 528 2024 οὑ
555 1962 727 2024 καθείσθω
755 1959 866 2042 σωλὴν
893 1957 911 2024 δ
937 1962 1007 2023 ΗΘ
1033 1960 1153 2045 μικρὸν

32 2120 37 2126 .
142 2063 314 2150 ὑπερέχων
335 2073 396 2131 τοῦ
416 2064 665 2150 διαφράγματος
683 2066 731 2142 είς
747 2065 785 2130 τὸ
804 2066 873 2130 ἀνω
891 2062 1000 2151 μέρος,
1023 2063 1164 2151 ἀπέχων,

144 2166 182 2235 δέ
209 2169 273 2236 ἀπὸ
299 2179 360 2237 τοῦ
387 2168 559 2256 πυθμένος
585 2179 646 2236 τοῦ
674 2170 810 2254 ἀγγείου
837 2171 918 2238 ὅσον
939 2170 1037 2236 ὑδατι
1060 2173 1153 2258 διάρ-

143 2293 251 2361 ρυσιν.
293 2279 376 2342 ἔστω
399 2273 436 2343 δὲ
457 2274 513 2341 καὶ
534 2274 649 2362 ἕτεροςΙ
663 2278 774 2361 σωλὴν
790 2277 874 2364 πρὸς
891 2286 930 2364 τῇ
949 2278 1075 2364 γάστρα
1092 2287 1153 2344 τοῦ

143 2380 280 2466 ἀγγείου
307 2381 325 2449 δ
348 2385 418 2447 ΚΛ
445 2381 550 2466 ε’κτός,
580 2373 606 2470 ᾧ
632 2382 822 2449 ὑποκείσθω
850 2382 986 2467 ἀγγεῖον
1008 2383 1153 2471 ἀκράτου
1167 2402 1196 2444 το
1286 2385 1289 2392 ’

142 2488 180 2553 τὸ
203 2491 288 2553 ΚΜ.
331 2491 413 2554 ἔστω
437 2483 474 2554 δὲ
495 2486 551 2553 καὶ
574 2487 612 2553 ἐν
633 2497 680 2577 τῷ
697 2494 762 2555 ΕΖ
784 2490 1010 2576 διαφράγματι
1032 2492 1152 2557 λεπτὸν

142 2595 296 2680 τρύπημα
331 2595 369 2660 τὸ
401 2598 444 2660 Ν.
497 2595 626 2661 τούτων
662 2591 725 2662 οὑν
760 2598 868 2662 ὄντων
900 2595 959 2662 ε’άν
990 2594 1154 2682 έγχέωμευ

215 2791 229 2838 1
254 2783 446 2849 είτπίπτοντος
462 2785 545 2841 AGT
563 2787 596 2842 b=
621 2781 803 2851 ἐκπίπτοντος
820 2787 853 2860 Τ,
937 2793 954 2841 8
977 2783 1152 2860 έπεγγέωμεν

143 2856 203 2914 Tb:
222 2851 375 2928 ἒπιγέωμεν
389 2855 444 2912 AG
514 2826 673 2915 6ὑοοδδ.ε
691 2857 711 2914 f.
725 2859 774 2914 καὶ
846 2857 1069 2929 1οίπυθμένος
1082 2859 1152 2932 (καὶ

143 2931 266 2998 σωλῆνα,
289 2921 475 2984 ὦὺπάιειται
493 2930 606 2999 ἀγγεῖον
625 2928 788 3004 ἀκράτου,>.
821 2929 854 2984 of.
873 2928 922 2984 lin
938 2935 980 2984 20.
999 2949 1027 3000 p.
1042 2935 1102 3000 292,
1117 2935 1151 2984 16

179 3005 214 3054 ιι
226 3000 276 3054 τοι
289 2981 395 3056 ‘rhua
409 2998 464 3054 κο
526 3005 631 3055 18-20
646 2999 896 3071 οισι...ιγγιιιι
911 3000 1021 3071 οπο,
1038 3001 1103 3058 ιιι.
1113 3000 1149 3074 ο,

178 3077 213 3124 ω
230 3069 250 3126 f.
265 3067 393 3145 (οπως)
411 3070 512 3140 anm,
530 3073 573 3128 ιο
590 3078 681 3128 autem
698 3073 748 3128 αι
765 3089 792 3128 ιι
809 3073 970 3128 habentibus
987 3042 1009 3126 ά

215 3235 249 3284 10
265 3233 331 3355 gost
348 3228 494 3301 πυθμένος
512 3230 575 3286 add.
591 3229 704 3302 ἔχοντες
721 3229 753 3286 δδ
771 3231 820 3286 καὶ
837 3228 915 3286 οἶνον
933 3232 981 3289 bh
1054 3237 1086 3286 11
1106 3228 1120 3288 έ
1138 3263 1152 3274 ·

143 3298 218 3370 ρέειν
241 3317 259 3357 ι
290 3301 325 3356 P:
354 3298 428 3370 δέειν
451 3301 474 3356 Β
562 3307 595 3356 12
617 3303 649 3358 τὸ
673 3302 795 3373 ἀκρατον
818 3301 867 3356 Bc
953 3309 988 3357 14
1010 3307 1037 3358 Γ
1057 3303 1151 3359 om.P

178 3378 212 3427 15
231 3371 263 3426 δὲ
282 3373 371 3427 om.P
449 3373 548 3428 οοίῑιιικ
567 3375 644 3428 αδ·
663 3373 685 3426 L
767 3378 800 3428 16
818 3374 967 3428 καθείσθω
986 3373 1022 3429 B:
1045 3377 1151 3429 κείσθω

142 3440 202 3498 GP:
220 3443 407 3512 expellaturh
479 3447 583 3498 18-19
602 3443 749 3515 διάρρνσιν
764 3440 838 3498 εἶναι
855 3445 875 3500 l)
948 3450 981 3498 19
999 3444 1106 3521 γάστρᾳ
1120 3461 1151 3501 υτ

143 3514 235 3590 κοιλία
253 3515 273 3570 b
