2594 3892
128 184 193 250 152
246 184 399 248 ,ΗΒΩΝΟΣ
417 179 684 243 ΑΛΕΞΑΝΔΡΕΩΣ
702 182 970 236 ΠΝΕΎΜΑΤΙΚΩΝ
988 185 1020 238 Α.

556 378 705 445 XXXIII.
788 379 789 382 ’

190 503 343 589 Ἀγγείου
376 506 473 582 ὄντος
507 503 594 589 ἑνός,
627 504 782 590 ἐμβαλεῖν
809 505 866 570 διδι
892 514 953 570 τοῦ
980 506 1141 588 στόματος

129 612 233 679 αὐτοῦ
255 619 358 683 οίνων
379 615 516 679 πλείονα
539 611 618 696 γένη
641 609 696 678 καὶ
719 613 775 678 διά
792 621 853 678 τοῦ
872 611 975 678 αὐτοῦ
993 617 1141 697 κρουνοῦ

128 721 310 805 λαμβάνειν
332 717 471 784 ἕκαστον
493 717 613 801 αὐτῶν,
636 717 654 782 δ
678 716 736 782 ἐάν
758 740 808 794 τις
830 725 1038 804 προαιρῆται,
1057 717 1140 781 ὥστε
1166 755 1170 762 ,

127 829 293 893 πλειόνων
320 824 531 910 ἐμβαλόντων
557 826 636 900 τοὺς
663 829 777 900 οίνους
804 822 943 890 ἕκαστον
968 823 1028 888 τὸν
1051 823 1140 888 ῖδιον
1166 839 1180 882 ι

129 932 288 1012 δέξασθαι
314 934 397 997 κατὰ
423 928 536 1018 μέρος,
564 931 640 1008 ὅσος
668 930 726 996 έδιν
753 923 774 1018 ᾖ
797 930 815 996 ὁ
838 928 927 1015 ἀφ’
925 928 1063 996 ἑκάστου
1086 927 1142 1021 έμ-

128 1042 275 1123 βληθείς.

188 1144 336 1212 ”Εσ’τω
318 1156 453 1229 αγγεῖυν
477 1145 615 1227 στεγνὸν
636 1145 674 1209 τὸ
693 1147 827 1210 ΑΒΓΔ
850 1120 1171 1231 διαπεφραγμένου

129 1253 191 1317 τὸν
217 1254 381 1339 τράχηλον
407 1259 453 1340 τῷ
477 1254 540 1316 ΕΖ
568 1252 808 1337 διαφράγματι·
837 1252 1076 1337 διαπεφράχθω
1103 1245 1141 1314 δὲ

129 1356 185 1424 καὶ
207 1359 244 1424 τὸ
268 1359 348 1424 ὅλον
371 1358 506 1442 ἀγγεῖον
524 1360 571 1435 είς
589 1359 697 1444 χώρας
715 1358 886 1442 τοσαύτας,
906 1358 1005 1435 ὅσους
1022 1358 1142 1441 βουλό·
1155 1375 1183 1416 ¹0

77 1489 117 1529 ιω
130 1471 218 1551 μεθα
249 1463 406 1543 καὶτοὺς
432 1471 546 1542 οίνους
568 1460 667 1530 εἶναι·
694 1463 749 1530 καί
777 1468 858 1531 ἔστω
880 1466 884 1549 l
909 1464 1141 1552 διαφράγματα

130 1573 171 1637 τδι
189 1576 228 1636 Η
230 1577 269 1656 Θ,
287 1576 322 1636 Κ
325 1576 366 1656 Λ,
385 1573 468 1638 ὥστε
490 1573 645 1654 γίνεσθαι
663 1572 771 1657 χώρας
788 1582 877 1658 τρεῖς
894 1573 953 1648 τάς
971 1575 1021 1654 Μ,
1039 1574 1084 1654 Ν,
1103 1568 1141 1652 Ξ,

130 1679 179 1755 είς
211 1679 249 1755 ἃς
281 1677 522 1762 έμβληθησεται
553 1677 571 1743 ὁ
599 1673 698 1754 οἶνος.
749 1681 918 1764 τετμήσθω
947 1674 985 1742 δὲ
1013 1679 1050 1743 τὸ
1079 1679 1142 1740 ΕΖ

131 1784 324 1870 διάφραγμα
345 1781 422 1850 καθ’
446 1781 585 1867 ἑκάστην
607 1784 719 1869 χώραν
742 1790 872 1861 λεπτοῖς
893 1787 1142 1871 τρυπηματίοις·

130 1888 187 1956 καὶ
219 1893 300 1958 ἔστω
332 1891 373 1955 τά
403 1890 611 1982 τρνπημάτια
641 1892 682 1955 τά
715 1894 756 1974 Ο,
784 1895 835 1974 Π,
863 1895 906 1955 Ρ·
940 1890 976 1956 έκ
1007 1887 1045 1956 δὲ
1076 1899 1143 1955 τῶν
1157 1907 1184 1949 ιι

132 2000 172 2081 0,
194 2001 239 2081 Π,
261 2001 292 2061 Ρ
310 1999 544 2082 τρυπηματίων
567 1998 757 2085 σωληνάρια
779 1995 975 2064 ἀνατεινάτω
998 1999 1038 2064 τδι
1062 2000 1143 2080 ΠΣ,
1183 2062 1185 2066 .

132 2107 207 2188 ΟΤ,
233 2108 299 2168 PY
319 2106 366 2180 είς
388 2104 448 2168 τὸν
470 2103 635 2190 τράχηλον
656 2113 718 2168 τοῦ
741 2103 878 2188 ἀγγείου
901 2102 1144 2190 συντετρημένα

131 2210 236 2298 αὐτῷ·
268 2211 357 2296 παρά
380 2206 418 2276 δὲ
439 2209 578 2276 ἕκαστον
601 2211 810 2296 σωληνάριον
831 2212 1038 2296 τρυπημάτια
1061 2213 1142 2276 έστω

132 2319 233 2383 λεπτά
266 2316 303 2382 ἐν
334 2326 380 2405 τςό
408 2321 472 2381 ΕΖ
504 2317 729 2402 διαφράγματι
755 2318 934 2402 ἠθμοειδῆ,
964 2315 1007 2400 δι’
1035 2311 1083 2383 ὧν
1105 2317 1142 2382 τὸ

131 2424 239 2509 ὑγρὸν
265 2424 313 2500 είς
338 2425 396 2499 τδις
423 2424 531 2509 χώρας
556 2426 706 2510 χωρήσει.
756 2424 836 2489 ὅταν
859 2419 921 2490 οὖν
943 2417 1185 2509 βουλάμεδαεοΙ

200 2589 330 2647 112-7
358 2581 488 2668 Ἀγγείου
517 2584 653 2660 ὄντος.
670 2587 925 2668 ,ἐμβληθείς-
883 2584 971 2648 =b
999 2592 1084 2648 22-
1089 2590 1143 2648 26:

130 2671 262 2757 Ἀγγείου
281 2673 366 2748 ὄντος
384 2674 461 2753 ἑνός,
479 2674 616 2756 ἐμβαλεῖν
631 2676 681 2738 διὰ
694 2686 747 2738 τοῦ
762 2676 903 2757 στόματος
916 2676 1009 2740 αυτοῦ
1023 2678 1144 2738 πλείονα

132 2763 204 2846 γένη
228 2763 327 2876 δγρῖυν
350 2762 400 2825 καί
422 2763 472 2824 διὰ
494 2773 547 2826 τοῦ
571 2764 663 2828 αὐτοῦ
686 2775 816 2846 κρουνοῦ
840 2767 1003 2846 λαμβάνειν
1021 2764 1144 2828 ἕκαστον

132 2852 244 2932 αὐτῶν,
266 2849 282 2914 ὃ
306 2851 345 2913 άν
362 2875 406 2924 τις
424 2863 610 2934 προαιρηται,
633 2852 735 2936 ἀμιγὲς
752 2863 812 2916 τῶν
830 2859 952 2934 λοιπῶν,
975 2854 1046 2916 ὥστε
1063 2858 1144 2914 πλει-

133 2941 214 3004 όνων
236 2941 424 3023 ἐμβαλόντων
447 2935 515 3053 φέρ’
534 2943 682 3005 είπεῖν”
648 2967 750 3017 οιυους
769 2941 968 3026 διαφόρους“
951 2959 1073 3004 εκαστου
1091 2940 1143 3002 τὸν
1158 2956 1185 2997 τι

134 3032 214 3094 ιδιον
232 3029 375 3105 δέξασθαι
392 3029 465 3091 κατὰ
483 3029 580 3113 μέρος,
599 3028 699 3106 ὅσος“
682 3056 803 3118 ανημ
768 3030 927 3113 ἐμβληθεὶς
940 3027 994 3109 ὑφ’
1011 3029 1143 3092 ἑκάστου.

131 3154 346 3164 -ι---

206 3215 416 3301 ἐμβαλόντων
429 3218 497 3276 AG:
505 3218 745 3310 έμβαλλόντωνΤ
809 3217 911 3285 δδσυς,
926 3235 989 3273 σοι(
1003 3238 1020 3274 ν
1034 3233 1112 3286 corr„
1122 3217 1145 3270 Τ

161 3288 222 3362 ’,ἐὰν
242 3290 347 3362 (siem
422 3288 513 3360 λοίφ’
591 3260 917 3372 8διοικεφραχμένυνδ1
990 3295 1023 3344 10
1042 3289 1146 3363 βουλά)-

135 3368 212 3434 μεδα
227 3361 249 3416 Τ
323 3367 356 3416 15
375 3361 552 3432 τρυπημάτια
566 3361 592 3415 A
608 3361 674 3432 (ια
666 3379 696 3416 m
714 3360 800 3415 litura
750 3364 819 3431 ura,)
833 3360 925 3416 BGG.
942 3358 1147 3492 τρρπήματαΤ

172 3493 206 3542 16
225 3485 393 3543 ἀνατεινάτω
412 3486 479 3542 AG:
498 3482 727 3542 άνατεινέσθωΤ
800 3490 833 3540 18
852 3505 982 3556 τρυπημα
988 3469 1041 3540 A
1113 3489 1147 3542 19,

139 3557 273 3629 ίδμοειδη
291 3556 448 3628 AGng..
468 3555 671 3627 ίσθμοειδηΤε
690 3555 797 3610 correxi
816 3572 850 3616 ex
867 3557 929 3613 Par.
945 3562 1014 3613 2512

93 3678 147 3690 Δ
