2574 3918
146 136 211 198 442
247 136 396 190 muoz
414 134 615 194 ΔΛΕΞΑΝΔΡ.
632 137 719 188 ΠΕΡΙ
737 134 1175 190 Α’ῘΤΟΜΑΤΟΠΟΙΗΤΙΚΗΣ.

110 302 204 374 ῖκος
227 301 397 383 φαίνηται·
421 298 510 374 ὅπως
532 293 570 362 δέ
592 298 635 382 μη
659 297 787 384 ύλύγως
809 296 829 380 ἡ
853 293 947 372 σανὶς
970 295 1175 380 ἐπικειμένη

146 395 222 492 (ᾗ),
240 404 333 481 ἀετὸς
351 408 566 489 προστίθεται
583 403 665 490 αὐτη
680 405 831 489 καθάπερ
845 404 887 486 δὴ
906 405 1043 490 ναῖσκςο·
1061 405 1104 468 τδι
1125 401 1174 468 δὲ

146 510 389 594 ἀπολειπόμενα
417 509 621 597 ἑκατέρωθεν
643 510 803 595 πτερύγια
825 519 882 593 τῆς
909 509 1045 586 σανίδος
1068 509 1172 574 ῒέπι-

147 619 267 703 φύεται
290 615 406 702 μέλανι
429 616 449 700 ἢ
473 615 558 701 ύέρι·
585 619 714 682 τίθεται
738 613 775 680 δὲ
798 614 935 701 ἐχομένη
959 625 1016 699 τῆς
1039 614 1171 693 ἐξελίκ-

146 749 225 811 τρας
247 723 267 807 ἡ
291 725 428 808 μηχανή.
465 733 523 806 της
545 719 581 788 δέ
604 731 750 807 μηχανῆς
773 720 809 786 ἐκ
831 731 891 787 τοῦ
915 723 1019 788 ἄλλον
1036 721 1169 808 μέρους
1202 745 1215 785 ⁵

145 831 166 915 ἡ
194 840 253 896 τοῦ
285 839 417 915 πυρσοῦ
449 833 574 912 γίνεται
606 831 788 912 κατασκευὴ
816 830 951 914 τοιαύτη
980 825 1072 895 ούσα.
1124 829 1169 896 ἐκ
1273 856 1274 872 ¹

148 939 292 1002 λεπίδων
332 942 463 1021 χαλκῶν
503 937 554 1002 δεῖ
594 945 729 1020 ποιῆσαι
770 936 921 1022 καθάπερ
958 937 1167 1022 κιβωτοίριον

112 1050 243 1127 4πῶμα
274 1044 318 1128 μὴ
333 1065 335 1070 ’
350 1045 441 1127 ἐχον,
473 1042 557 1108 ἀλλὰ
588 1041 712 1127 ἀχανές.
768 1051 866 1108 τοῦτο
898 1039 935 1106 δέ
963 1044 1015 1107 δεῖ
1042 1051 1166 1126 στῆσαι

148 1149 256 1236 ὀρθὸν
292 1150 396 1215 ὀπίσω
432 1158 489 1232 τῆς
526 1149 660 1226 σανίδος
694 1157 751 1231 τῆς
788 1147 1071 1232 ἐπικαλοπτούσης
1103 1149 1164 1215 καὶ

147 1262 339 1340 καθηλωσαι
361 1257 444 1342 πρὸς
466 1258 527 1340 τὴν
544 1257 692 1341 πλευρὰν
709 1265 769 1321 τοῦ
787 1260 957 1321 πλινθίου.
999 1254 1096 1340 ἐχέτω
1121 1252 1164 1321 δὲ
1180 1280 1209 1319 10

147 1363 185 1427 τὸ
213 1359 275 1447 μὲν
301 1364 423 1448 ἐδαφος
451 1364 488 1429 τὸ
516 1364 716 1448 κιβωτύριον
737 1363 820 1448 πρὸς
842 1372 881 1448 τη
906 1363 1032 1446 σανίδι,
1059 1363 1096 1426 τὸ
1122 1359 1163 1428 δὲ

148 1470 256 1554 χάσμα
278 1467 337 1547 ἐξω
361 1468 485 1553 βλέπον
506 1478 564 1552 τῆς
587 1469 730 1545 σανίδος.
769 1468 804 1534 ἐκ
827 1465 865 1534 δέ
886 1478 943 1552 της
967 1470 1035 1533 ἄνω
1059 1473 1162 1533 πλευ-
1274 1552 1275 1557 ¹

148 1585 208 1661 ρᾶς
229 1586 290 1642 τοῦ
312 1580 512 1661 κιβωταρίου
535 1575 726 1660 ε’κκεκύφθω
750 1575 814 1658 ὀπὴ
837 1576 1061 1659 διαφαίνουσα
1079 1574 1161 1641 ὡσεὶ
1273 1593 1275 1650 η

147 1686 258 1768 θωρίς,
281 1685 364 1748 ὥστε
387 1683 467 1748 ὅταν
489 1682 610 1767 λύχνος
631 1685 806 1767 καιόμενος
827 1689 908 1767 τεθῇ
933 1684 979 1758 είς
1001 1683 1038 1746 τὸ
1059 1686 1161 1766 κιβω-

147 1790 274 1875 τύριον,
296 1789 334 1852 τὸ
357 1798 415 1872 της
435 1790 560 1872 φλογὸς
578 1788 681 1854 αὐτοῦ
700 1788 828 1870 διήκειν
846 1789 949 1872 ἄκρον
967 1790 1014 1865 είς
1032 1789 1068 1853 τὸ
1088 1787 1159 1854 ἄνω
1176 1811 1203 1851 15

148 1896 246 1982 μέρος
269 1905 328 1962 τοῦ
351 1899 551 1981 κιβωταρίου
574 1897 629 1960 διδι
652 1904 709 1979 τῆς
732 1895 822 1979 ὀπῆς.
859 1894 980 1960 τούτου
999 1892 1036 1960 δέ
1053 1895 1161 1981 ὑπαρ-

112 2011 264 2086 5χοντος
286 2001 304 2068 δ
328 2002 448 2086 λύχνος
470 2002 660 2067 ὑποκείσθω
684 2003 864 2086 καιόμενος.
902 1999 990 2090 ἄλλω
1013 1998 1050 2066 δὲ
1069 2007 1160 2067 λεπι-
1274 2014 1275 2091 ζ

148 2109 209 2196 δίῳ
241 2115 350 2196 χαλκςό
377 2109 528 2196 τριγώνῳ
555 2108 831 2192 καταπωμύζομεν
857 2109 919 2191 τὴν
945 2109 1044 2192 ὀπήν,
1075 2110 1159 2174 ὥστε

148 2214 403 2283 ἀποκεκλεῖσθαι
430 2218 491 2300 τὴν
517 2219 635 2300 φλόγα.
681 2214 791 2280 ἐπύνω
815 2211 851 2279 δέ
874 2223 935 2280 τοῦ
958 2218 1159 2301 κιβωταρίου

148 2319 202 2385 καὶ
239 2332 296 2406 της
331 2321 589 2407 πεπωμασμένης
626 2322 759 2397 λεπίδος
800 2320 972 2406 ἐπιτίθημι
1012 2320 1159 2407 ξύσματα
1173 2343 1199 2383 εο

148 2430 318 2493 τεκτονικδι
341 2427 508 2514 ξηρότατα.
555 2428 679 2494 οὐκοῦν
702 2428 782 2492 ὅταν
805 2427 983 2493 ἀποσπύσω
1009 2429 1048 2493 τὸ
1069 2429 1158 2493 λεπί-
1274 2467 1275 2478 2

149 2535 225 2598 διον
255 2536 292 2599 τὸ
324 2536 519 2619 πεπωμακὸς
550 2536 611 2619 τὴν
643 2535 744 2618 ὀπήν,
775 2534 795 2618 ἡ
828 2533 910 2617 φλὸξ
941 2544 1001 2600 τοῦ
1035 2535 1158 2619 λύχνου

223 2733 236 2780 1
257 2723 417 2797 ἐπικειμένη
438 2727 468 2780 Μ
490 2726 576 2796 (idem
598 2729 782 2797 proposuerat
799 2727 831 2783 R.
847 2727 971 2782 Schoene
988 2727 1040 2782 1.1.
1059 2746 1086 2798 p.
1102 2730 1157 2796 75):

150 2793 349 2868 ἐπιμήκειμένη
364 2798 429 2853 AT:
450 2795 578 2868 ἐπιμήκει
592 2818 636 2852 κει
654 2795 723 2868 μένη
742 2797 767 2852 G
786 2798 885 2868 (altero
904 2818 948 2853 κει
967 2815 984 2852 a
1001 2815 1087 2852 manu
1105 2814 1156 2854 reo.

150 2869 266 2940 deleto):
282 2867 441 2943 ἐπιμ<έν>η
456 2867 569 2939 κειμένη
583 2869 689 2926 Haase:
705 2867 752 2939 ἐφ’
769 2863 786 2942 ᾖ
801 2877 891 2924 κεῖται
904 2871 977 2924 Prou
1049 2863 1156 2940 ἤρεσε-

150 2943 235 2995 eunte
253 2940 320 2995 edit.
334 2939 453 2994 Parisin.
466 2940 573 2996 inserui
591 2936 671 3010 (ἐπὶ*
685 2943 722 3013 μὴ
740 2940 853 3011 κειμένη
873 2941 915 2996 ed.
930 2939 1027 3011 Paris„
1049 2925 1076 2970 ί*
1090 2940 1109 2995 f.
1124 2934 1154 3012 q?

149 3010 180 3065 in
193 3012 330 3137 margingl)
394 3014 611 3082 λπροοτίθηται
624 3012 698 3066 Prou
760 3014 830 3083 αὐτῇ
844 3011 911 3067 AG:
926 3012 997 3083 τῇΤ
1060 3013 1156 3067 Βάττο-

150 3083 286 3154 λιπύμενα
400 3089 470 3138 8-4
489 3079 639 3153 ἐπιφύεται
658 3098 689 3140 t:
708 3084 726 3139 f.
743 3079 910 3153 ἐπιμύρεται
927 3085 1035 3208 ρηγποο.
1051 3083 1156 3152 μολύνω

150 3159 212 3224 460,
226 3159 320 3225 4-5):
340 3151 493 3225 ἐπιχρίεται
507 3155 539 3210 R.
551 3154 674 3209 Schoene
693 3155 712 3210 l.
726 3155 744 3210 l.
763 3173 790 3224 p.
803 3160 843 3209 75.
877 3155 910 3209 ef.
953 3153 1035 3224 ioptr.
1052 3158 1110 3223 188,
1125 3159 1155 3208 λλ

187 3267 220 3314 12
241 3241 385 3334 βλέπύνΤ
462 3267 496 3316 13
521 3263 689 3334 κιβωταρίον
712 3262 805 3332 ng.
829 3260 874 3331 (of.
892 3279 919 3331 p.
935 3266 995 3330 444,
1011 3267 1035 3316 3.
1051 3263 1090 3331 6):
1118 3281 1156 3315 κι-

151 3369 257 3440 βώτρον
276 3368 311 3424 T:
336 3344 432 3442 κιβύρ’
450 3371 495 3440 (=
506 3370 670 3441 κιβώτρονῖ)
689 3367 756 3423 AG:
775 3370 894 3441 κιβωτοῦ
916 3367 992 3422 Leid.
1008 3366 1110 3437 Scalig.
1124 3372 1155 3422 45

188 3445 221 3492 14
245 3438 284 3502 είς
306 3457 358 3494 om.
379 3440 402 3493 Τ
475 3447 507 3495 16
530 3449 611 3495 τοῦτο
635 3439 659 3492 T
730 3439 749 3494 f.
770 3437 801 3494 δέ
826 3438 954 3512 <ούτως>
1036 3442 1068 3492 18
1088 3438 1156 3493 κατὰ

150 3509 316 3579 πωμύζομεν
334 3511 400 3565 AT:
423 3512 496 3567 κατὰ
518 3509 754 3581 πωματίζομενδι
