2594 3892
137 150 200 215 198
252 152 402 205 ΗΡΩΝΟΣ
420 152 686 211 ΑΛΕΞΑΝΔΡΕΩΣ
704 151 973 204 ΠΝΕΤΜΑΤΙΚΩΝ
990 152 1022 206 Α.

134 305 156 401 ᾖ
187 314 227 379 τά
258 315 395 399 πώματα
425 315 499 398 ἤτοι
530 314 637 378 πάντα
668 315 689 398 ἤ
716 337 791 381 τινα
819 312 937 379 αὐτῶν.
987 313 1044 378 ἵνα
1072 307 1144 397 οὖν,

135 420 215 485 ὅταν
228 422 466 507 προαιρώμεθα
480 431 546 486 τῶν
560 419 673 485 αὐλῶν
686 443 761 485 τινα
775 418 996 505 φθέγγεσθαι,
1011 418 1144 504 άνοίγη-

134 550 188 592 ται
219 529 259 593 τά
290 525 359 593 κατ’
396 526 543 604 ἐκείνους
575 529 736 613 τρήματα,
769 527 849 592 ὅταν
880 523 917 591 66
944 526 1144 611 βουλώμεθα

134 634 315 718 παύεσθαι,
338 631 564 718 ἀποκλείηται,
587 634 880 718 κατασκευάσωμεν
902 633 988 698 τάδε.

200 744 357 806 Νοείσθω
390 740 428 806 ἓν
459 752 526 806 τῶν
557 743 800 825 γλωσσοκόμων
827 738 1017 824 ἐγκείμενον
1044 737 1145 825 χωρὶς
1172 757 1185 798 ι

133 847 171 911 τό
190 849 285 933 ,ΓΑ
310 842 350 912 οὗ
372 848 410 912 τὸ
433 849 538 932 στόμα
559 849 641 911 ἔστω
661 848 698 911 τὸ
718 853 769 933 Λ,
793 846 810 912 6
830 842 868 911 66
886 843 1145 931 συντετρημέυος

134 954 239 1041 τούτῳ
268 953 370 1030 αὐλὸς
397 953 415 1019 6
440 957 493 1040 ,Ε,
520 964 617 1038 πῶμα
640 949 678 1018 δέ
700 956 782 1018 ἔστω
807 953 972 1039 ἁρμοστὸν
995 951 1083 1040 αὐτῷ
1106 953 1143 1017 τὸ

134 1063 206 1145 ,ςΙΖ
237 1068 344 1146 τρῆμα
375 1062 453 1145 ἔχον
483 1060 521 1124 τὸ
549 1063 598 1145 ,Η
624 1057 899 1146 παρηλλαγμένον
926 1059 990 1124 άπὸ
1017 1068 1078 1125 τοῦ
1105 1063 1146 1146 ss

133 1163 248 1230 αὐλοῦ.
306 1167 388 1232 ἔστω
430 1164 471 1232 ὐέ
507 1189 557 1243 τις
597 1163 651 1231 καὶ
693 1165 895 1250 άγκωυίσκος
930 1168 1089 1251 τρίκωλος
1125 1165 1143 1231 6

83 1345 121 1386 ιιε
135 1267 319 1412 ,Ζῶώίίώλ
348 1321 388 1392 οὗ
415 1327 452 1390 τὸ
477 1330 561 1413 ,Ζ,Θ
583 1332 692 1392 κῶλον
712 1325 716 1410 Ι
737 1322 887 1411 συμφυές
909 1321 970 1410 μέν
992 1326 1074 1390 ἔστω
1097 1334 1143 1411 τῷ
1158 1344 1184 1384 ιο

677 1428 706 1472 Α

134 1489 205 1572 ,ςΙΖ
227 1487 370 1571 πώματι·
393 1487 476 1572 πρὸς
499 1482 536 1551 δὲ
558 1493 603 1574 τῷ
623 1489 712 1573 ,ΘΜ
728 1483 803 1571 περὶ
821 1487 967 1571 περόνην
984 1487 1142 1549 κινείσθω

133 1643 236 1729 μέσην
267 1647 328 1730 τὴν
355 1589 402 1710 λΓί.
453 1645 512 1711 ἐάν
544 1640 606 1711 οὐν
637 1644 826 1729 κατάξωμεν
857 1653 895 1730 τῇ
928 1641 1012 1730 χειρὶ
1039 1644 1076 1709 τὸ
1104 1586 1149 1708 ώό

133 1752 236 1837 άκρον
258 1762 318 1817 τοῦ
342 1751 549 1835 άγκωνίσκου
571 1749 624 1816 έπὶ
647 1753 684 1816 τὸ
704 1757 745 1837 Λ
766 1753 902 1835 στόμιον
919 1760 979 1816 τοῦ
998 1754 1144 1832 γλωσσο-

133 1860 252 1942 κόμου,
279 1858 477 1944 παρώσομεν
504 1859 541 1923 τὸ
569 1869 666 1943 πῶμα
694 1859 740 1934 είς
767 1858 804 1923 τὸ
828 1859 891 1922 ἔσω
920 1855 1032 1942 μέρος,
1060 1856 1143 1921 ὥστε

134 1963 213 2029 ὅταν
246 1963 367 2051 έμπέση
399 1967 446 2041 είς
477 1966 515 2030 τὸ
547 1964 640 2041 ἐντὸς
671 1962 784 2051 μέρος,
816 1967 889 2029 τότε
920 1963 957 2028 τὸ
990 1961 1027 2027 έν
1054 1961 1143 2050 αὐτῷ
1158 1982 1183 2023 ιι

132 2080 238 2156 τρῆμα
265 2073 471 2155 κατάλληλον
497 2079 543 2160 τῷ
571 2071 662 2158 αὐλῷ
689 2075 824 2154 γίνεται.
879 2071 934 2134 ἵνα
958 2063 1034 2153 οὐν,
1063 2069 1144 2134 ὅταν

133 2175 307 2263 ἀφέλωμεν
333 2179 394 2262 την
420 2188 528 2264 χεῖρα,
560 2177 747 2262 αὐτόματον
773 2177 810 2242 τὸ
838 2189 934 2262 πῶμα
962 2174 1143 2261 ἐξελκυσθῇ

199 2408 220 2454 a
244 2397 542 2474 198,11—200,3
566 2393 641 2476 πρὸς
664 2391 695 2454 δέ
720 2399 770 2518 τρὶ
783 2331 868 2474 ,Θίίό
963 2390 979 2454 6
1003 2330 1089 2453 1616
1100 2420 1142 2442 =

133 2531 244 2613 6198,
257 2539 417 2659 1516—200,
429 2540 469 2595 22
488 2535 562 2617 πρὸς
580 2534 611 2597 δὲ
630 2541 670 2620 τῷ
685 2538 769 2614 ,ΘΜ
782 2535 856 2596 κατὰ
874 2534 906 2598 τὸ
926 2532 1015 2616 μέσον
1031 2534 1142 2616 περόνη

135 2676 205 2740 έστω
227 2674 316 2802 6163}
338 2677 405 2759 περὶ
426 2675 465 2756 ἣν
488 2677 691 2757 κινηθήσεται.
731 2676 784 2738 ἐὰν
807 2668 863 2740 οὐν
881 2677 1089 2758 καταγάγωμεν
1107 2687 1142 2762 τῇ
1157 2692 1183 2732 κο

133 2819 205 2901 γειρλ
225 2819 257 2882 τὸ
277 2825 313 2880 Μ
332 2817 425 2901 άκρον
444 2829 497 2882 τοῦ
515 2817 701 2902 άγκωνίσκου
719 2817 759 2892 ὡς
777 2818 826 2880 ἐπὶ
844 2817 876 2880 τὸ
896 2822 933 2898 Α
950 2818 1071 2899 στόμιον
1089 2827 1142 2880 τοῦ

133 2909 356 2990 γλωσσοκόμου,
383 2910 557 2991 παρώσομεν
583 2908 616 2970 τὸ
641 2913 709 2990 ‘QZ
737 2917 826 2988 πῶμα
848 2907 889 2980 είς
912 2907 943 2970 τὸ
966 2907 1022 2969 έσω
1045 2905 1143 2989 μέρος,

136 2997 207 3059 ὥστε
240 2997 310 3059 ὅταν
342 2996 451 3084 έμτιέση
482 2997 524 3070 είς
551 2996 583 3059 τὸ
610 2997 693 3070 ἐντὸς
721 2994 823 3080 μέρος,
853 2996 916 3058 τότε
943 2995 975 3058 τὸ
1003 2995 1035 3058 έν
1063 2995 1142 3080 αὐτῷ

136 3096 231 3168 τρῆμα
253 3087 433 3166 κατάλληλον
455 3086 607 3168 γενήσεται
629 3093 669 3172 τῷ
693 3087 782 3170 αὐλῷ.
824 3086 874 3147 ἴνα
897 3083 928 3146 δὲ
949 3085 1048 3165 πάλιν,
1072 3084 1142 3146 ὅταν

134 3174 287 3256 ἀφέλωμεν
318 3174 373 3254 τὴν
404 3182 500 3258 χεῖρα,
531 3174 696 3255 αὐτόματον
729 3173 761 3236 τὸ
788 3184 876 3254 πῶμα
902 3173 1064 3260 ἐξελκυσθῇ
1092 3173 1142 3234 καλ
1156 3187 1182 3228 2⁶

205 3380 279 3437 1ῒν’
295 3380 387 3438 οὐνΤ
464 3380 517 3435 2f.
532 3401 619 3444 τινας.
652 3380 686 3435 of.
705 3400 732 3451 p.
748 3385 808 3448 200,
825 3385 856 3433 15
933 3379 1142 3435 4κατασκευά-

135 3470 224 3522 σωμεν
247 3451 313 3509 AG:
342 3451 585 3521 κατασκευάσομεν
608 3451 656 3508 Tb
738 3449 972 3520 bdistingm‘tT
1054 3447 1142 3521 ἐγκεί-

134 3543 219 3593 μενον
232 3524 341 3597 AGT,:
361 3523 513 3595 έγχύμενον
528 3522 572 3594 T„
587 3523 606 3578 f.
617 3519 779 3592 ἐκκείμενον
852 3528 883 3576 11
899 3522 918 3576 f.
928 3521 1039 3591 πώματι
1052 3522 1143 3595 (πρὸς
