2596 3886
144 165 209 231 228
263 166 412 220 ΗΡωωοιι
432 163 698 224 mmmm
716 163 984 217 Πωεωκενιαοω
1001 166 1033 217 Β.

145 330 162 396 ὁ
189 333 252 394 ΘΖ
280 331 326 405 είς
353 329 390 423 τὸ
414 325 534 415 ζςόδιον
556 324 669 412 φέρων
691 324 744 391 ἐπὶ
767 327 829 410 τὴν
852 327 1029 410 σάλπιγγα·
1058 323 1154 410 ἐχέτω

146 433 184 500 δὲ
219 433 274 500 καὶ
306 435 475 518 γλωσσίδα
506 433 526 517 ἡ
559 431 708 516 σάλπιγξ.
761 433 914 517 κεχόσθω
948 429 985 498 δέ
1017 433 1064 509 είς
1095 433 1157 515 τὴν

146 544 246 626 βάσιν
263 541 370 628 ὑγρὸν
388 541 445 616 διά
463 531 554 616 τινος
572 539 664 624 ὀπῆς,
685 539 706 636 ἣ
722 541 808 636 μετὰ·
822 539 884 624 τὴν
901 541 1038 624 ἔγχυσιν
1055 539 1157 612 πάλιν

146 648 409 732 ἀπεστεγνόισθω
443 650 644 732 σμηρίσματί
670 669 745 724 τινι.
796 645 876 724 ὅταν
908 640 971 714 οὖν
999 642 1157 732 ἐμφυσῶῗ-

94 771 133 812 2⁰2
146 778 211 839 μεν
235 755 282 830 είς
309 755 369 818 τὸν
395 754 535 818 κιόδωνα
561 760 619 835 τῆς
646 753 841 835 σάλειιγγος,
869 751 887 818 δ
916 751 948 831 ἐξ
976 751 1070 837 ἡμῶν
1095 751 1157 838 ἀὴρ
1186 769 1199 810 ο

147 860 298 938 ἐκθλίψαι
321 861 359 925 τὸ
379 858 416 924 ἐν
433 867 479 946 τῷ
497 858 702 946 ἡμισφαιρίῳ
720 857 812 944 ὕδωρ
832 859 888 924 διά
905 869 974 924 τῶν
991 860 1158 944 τρυπημά-

146 989 224 1050 των,
247 965 265 1030 ό
289 967 573 1052 προ-σαναβήσεται
597 965 644 1041 εἰς
665 965 727 1048 τὴν
749 966 849 1048 βάσιν
867 968 1158 1052 μετεωριζόμενον·

148 1073 228 1140 ὅταν
251 1068 289 1136 δὲ
312 1071 566 1156 ἀποσπάσωμεν,
590 1072 692 1136 πάλιν
714 1071 932 1137 εἰσελεύσεται
955 1073 1003 1148 είς
1024 1073 1062 1137 τὸ
1084 1071 1158 1157 ἡμι-

148 1182 308 1264 σφαίριον
338 1175 394 1248 καὶ
426 1177 578 1256 εἰνδλίψει
605 1177 665 1245 τὸν
692 1175 779 1262 ἀέρα
830 1172 927 1254 οὗτος
954 1174 991 1244 δέ
1018 1179 1075 1244 διὰ
1102 1187 1159 1262 τῆς

44 1345 46 1348 .
145 1286 332 1368 γλωσσίδος
354 1282 565 1370 ἐξεργόμενος
586 1284 646 1348 τὸν
669 1291 726 1367 τῆς
744 1283 925 1367 σάλπιγγος
943 1279 1025 1368 ἦχον
1043 1284 1159 1350 ἀποτε-
1173 1303 1200 1342 10

149 1390 245 1457 λέσει.
1289 1397 1292 1402 ’

217 1656 364 1742 Αέβγτος
403 1655 650 1740 ὑποκαιομένου
692 1659 852 1743 σφαιρίον
889 1658 972 1744 πρὸς
1007 1657 1161 1722 κνώδακα

150 1771 327 1830 κινεῖσθαι.

208 1869 315 1944 Ἔστω
344 1868 442 1954 λέβης
469 1869 709 1953 ,ὑποκαιόμενος
737 1871 822 1952 ἔχων
848 1868 940 1956 ὕδωρ
968 1868 986 1934 ὁ
1014 1873 1078 1937 AB
1106 1866 1161 1934 καὶ
1176 1887 1202 1928 15
1296 1913 1297 1918 κ

149 1976 390 2062 ἐπιμεφράχδω
421 1975 459 2042 τδ
492 1977 629 2059 στόμιον
656 1983 702 2062 τῷ
730 1978 791 2039 ΓΛ
818 1977 960 2061 πώματι·
992 1975 1097 2062 τούτῳ
1125 1971 1162 2040 δέ

149 2085 386 2169 σνντετρόσδω
410 2081 521 2163 σωλὴν
543 2079 725 2166 ἐπικαμπὴς
748 2080 766 2146 ὁ
789 2085 907 2166 ΕΖΗ,
934 2077 976 2148 οὖ
998 2083 1035 2147 τὸ
1059 2083 1163 2167 ἀκρον

196 2242 217 2288 a
239 2231 345 2288 2-11
370 2227 507 2308 κεχόσθω
531 2223 562 2288 δὲ
586 2276 591 2287 .
612 2271 619 2286 .
639 2275 645 2286 .
668 2223 832 2288 ἀποτελέσει
846 2223 926 2288 =b
948 2230 1091 2287 18—26:
1114 2227 1163 2288 καὶ

152 2317 289 2398 κεχάσθω
312 2317 354 2390 είς
377 2315 431 2396 τὴν
455 2316 543 2396 βάσιν
566 2314 658 2397 ἀγρὸν
682 2315 732 2377 διά
753 2338 834 2388 τινος
858 2313 949 2396 ἀπῆς,
973 2313 993 2394 ἣ
1017 2315 1087 2395 μετὰ
1109 2315 1163 2394 τὴν
1290 2369 1292 2378 .

153 2405 269 2487 ἔγχυσιν
301 2405 389 2473 πάλιν
418 2403 606 2486 ἐστεγνεόσθω
634 2405 813 2486 σμηρίσματί
835 2427 900 2466 τινι.
950 2402 1002 2465 ἐὰν
1030 2396 1086 2466 οὖν
1112 2403 1163 2484 ἐμ·
1178 2421 1203 2460 ιο

154 2494 334 2574 φυσήσωμεν
358 2493 400 2566 είς
422 2491 474 2554 τὸν
495 2492 621 2556 κώδωνα
642 2502 695 2573 τῆς
718 2493 885 2574 σάλπιγγος,
907 2490 923 2554 ό
946 2491 976 2567 ἐξ
998 2489 1084 2572 ἡμῶν
1107 2491 1164 2575 ἀὴρ

154 2581 293 2661 ἐκθλίψει
319 2581 351 2644 τὸ
377 2580 408 2652 ἐν
432 2588 472 2666 τῷ
494 2579 677 2668 ἡμισφαιρίῳ
699 2582 780 2663 ὕδωρ
804 2581 853 2644 διὰ
876 2591 935 2646 τῶν
957 2583 1164 2664 τρυπημάτων,

155 2667 171 2731 δ
199 2671 453 2753 προσαναβήσειαι
481 2671 522 2744 είς
550 2669 605 2748 τὴν
631 2671 719 2752 βάσιν
741 2671 993 2752 μετεωριζόμενον.
1040 2671 1108 2732 ὅταν
1132 2668 1164 2732 δὲ

154 2760 315 2839 παύσωμεν
337 2759 537 2839 ἐμφυσῶντες,
558 2760 648 2821 πάλιν
669 2757 882 2841 ἐπαναστρέψει
905 2760 946 2832 είς
969 2758 1000 2821 τδ
1022 2756 1165 2839 ἡμισφαί-

156 2871 222 2930 ριον
249 2847 299 2910 καὶ
326 2847 464 2926 ἐκθλίψει
490 2846 542 2909 τὸν
569 2846 647 2929 ἀέρα.
693 2841 780 2921 οὗτος
805 2846 836 2909 δὲ
859 2847 908 2909 διδι
931 2858 983 2928 τῆς
1005 2850 1166 2930 γλωσσίδος
1180 2863 1206 2904 ²6

156 2936 342 3019 ἐξερχόμενος
365 2937 417 2999 τὸν
440 2946 492 3017 τῆς
516 2937 672 3020 σάλπιγγος
694 2931 767 3019 ἦχον
790 2935 961 2999 ἀποτελέσει.

227 3149 243 3197 2
262 3144 399 3212 γλωσσίδα
417 3143 487 3198 BM:
510 3145 659 3212 γλωσσίδια
679 3142 762 3199 aOP:
786 3145 920 3216 ίίκγαίακι
937 3144 959 3198 L
1050 3149 1065 3198 7
1084 3143 1168 3213 μετά-

157 3216 239 3290 βασιν
267 3212 302 3286 G,
421 3213 654 3284 μετεωριζόμενον
682 3213 773 3286 (δ,Τ,ι
807 3214 1030 3285 μηξωριζόμενον
1057 3213 1164 3287 Α61Τ,

193 3291 226 3339 13
244 3286 326 3355 πρδςε
345 3285 364 3342 f.
378 3285 451 3356 περὶ.
484 3284 642 3355 of.204,12
716 3290 749 3339 15
770 3283 839 3354 ἔχων
858 3285 918 3342 Tb:
939 3285 1078 3356 ἔχονΑίλ

229 3468 261 3516 17
277 3461 435 3534 ἐπικαμπὴς
447 3465 504 3532 (-ᾒς
513 3461 578 3534 AG)
590 3478 620 3518 n:
636 3457 841 3531 ἐπικαμπτδςλ)
896 3462 927 3518 τδ
941 3463 1029 3532 ἀκρον
1043 3462 1074 3516 τὸ
1089 3469 1108 3532 ἦ
1121 3463 1167 3518 λιΙι

194 3539 226 3586 22
245 3541 300 3589 τῶν
319 3533 379 3589 GP:
403 3553 487 3588 τινων
505 3533 554 3587 BL
626 3539 661 3588 24
680 3533 715 3586 de
733 3533 813 3588 παίω
832 3533 949 3590 intrans.
965 3551 1059 3604 usurp.
1073 3552 1098 3589 v.
1113 3533 1166 3589 lex.
