2594 3892
150 158 217 224 210
267 161 417 215 ΗΡΩΝΟΣ
434 159 703 222 mmmm
720 165 989 219 ΠΝΕΤΜΑΤΙΚΩΝ
1006 167 1037 217 Β.

150 322 413 409 συντετρημένον
444 323 533 412 αὐτῷ
565 328 665 412 κοίλφ
697 325 888 412 ὑπάρχοντι.
937 327 1026 412 παρὰ
1056 323 1093 392 ὑὲ
1119 328 1158 393 τὸ

148 427 323 516 εἰρημένον
358 439 464 517 τρῆμα
501 430 616 518 ἕτερον
651 433 733 496 ἔστω
746 475 751 490 ι
766 442 872 519 τρῆμα
904 431 1010 520 φέρον
1042 435 1089 510 εἰς
1120 435 1157 498 τὸ

148 536 246 612 κῦτος
277 545 338 602 τοῦ
369 535 505 620 ἀγγείου
537 538 574 602 τὸ
607 541 646 602 A.
701 537 798 622 ἐχέτω
831 536 869 604 δέ
901 540 938 604 τὸ
971 540 1072 604 ὠτίον
1102 537 1157 604 καὶ

148 643 303 726 ὑιαῦγιον
333 644 371 708 τὸ
402 647 439 708 Θ.
488 646 747 729 καταλαβόμενοι
780 641 843 712 οὑν
874 647 911 711 τὸ
943 649 972 710 Θ
1003 646 1159 729 ὑιαύγιον

147 750 365 836 πληρώσομεν
393 751 431 814 τὸ
459 750 595 833 ἀγγεῖον
621 751 728 838 ὑγροῦ
757 753 813 817 ὑιά
840 777 932 830 τινος
958 752 1055 836 ὀπῆς,
1087 752 1160 835 ήτις
1186 767 1200 810 1

95 875 134 915 τοι
148 858 229 941 μετὰ
249 857 253 941 Ι
273 857 335 940 τήν
366 858 503 941 ἔγχυσιν
534 859 812 942 στεγνωθήσεται,
843 857 865 942 ή
896 855 951 924 καὶ
978 856 1023 923 δι’
1055 857 1159 923 αὑτοῦ

148 971 209 1029 τοῦ
228 967 297 1027 ΔΕ
318 968 465 1046 σωλῆνος
482 964 686 1049 πληρούσθω
704 965 742 1029 τὸ
762 963 908 1049 ἀγγεῖον,
931 967 1028 1042 ὄντος
1045 962 1159 1048 μέντοι

149 1068 186 1134 έν
213 1077 258 1158 τῷ
285 1069 377 1134 κύτει
404 1079 464 1135 τοῦ
491 1069 628 1153 ἀγγείου
655 1076 776 1137 λεπτοῦ
798 1074 976 1157 τρήματος,
1005 1069 1047 1136 δι’
1076 1066 1158 1137 οὑὺ

149 1175 212 1262 ἀήρ
244 1175 536 1263 έκιιρουσῦήσεται·
569 1180 889 1264 συμπληρωθήσεται
917 1174 955 1243 ὑλ
981 1175 1036 1242 καὶ
1063 1178 1101 1242 τὸ
1127 1179 1164 1241 Τ

149 1285 309 1369 σφαιρίον
339 1283 447 1370 ὑγροῦ
478 1284 535 1348 διὰ
562 1293 622 1350 τοῦ
649 1288 719 1348 ΔΕ
744 1288 961 1371 σωληναρίου.
1011 1282 1069 1349 έιλν
1097 1279 1160 1350 οὑν
1174 1301 1202 1341 10

149 1389 430 1476 ααταστρέψαντες
461 1391 498 1456 τὸ
531 1389 667 1474 ἀγγεῖον
698 1391 830 1476 ἀνῶμεν
860 1391 898 1456 τὸ
934 1395 963 1455 Θ
994 1392 1160 1474 ὑιαύγιον,

150 1495 298 1583 έκρεύσει
328 1497 366 1562 τὸ
399 1495 436 1562 έν
466 1504 513 1585 τῷ
541 1499 574 1561 Γ
598 1501 742 1585 σφαιρίφ
769 1498 876 1584 ὑγρὸν
902 1495 958 1562 καὶ
983 1498 1022 1562 τὸ
1050 1495 1087 1561 ἐν
1114 1504 1160 1584 τῷ

150 1608 220 1668 ΔΕ
254 1607 458 1691 σωληναρίφ.
511 1604 614 1669 πάλιν
646 1599 708 1670 οὖν
739 1603 798 1670 ἐὰν
829 1606 1091 1688 καταλαβόμενοι
1121 1603 1159 1666 τὸ
1190 1677 1192 1683 χ

151 1746 243 1829 μένον
270 1754 310 1833 τῷ
338 1746 413 1834 ιὀτίῳ
440 1758 493 1810 τοῦ
521 1746 640 1830 ἀγγείου
668 1751 860 1829 σωληνοειὺεῑ
877 1748 928 1811 καλ
950 1749 1043 1834 τούτῳ
1065 1747 1160 1828 ὑπάρ-

150 1860 240 1919 χοντι.
290 1837 370 1921 παρὰ
402 1835 433 1898 δὲ
465 1836 497 1900 τὸ
529 1835 686 1919 εἰρημένον
716 1847 813 1918 τρῆμα
844 1838 876 1900 τὸ
903 1843 929 1899 Ζ
961 1837 1032 1899 ἔστω
1065 1845 1160 1917 τρῆμα
1174 1848 1201 1891 1⁶

151 1925 249 2008 ἕτερον
276 1923 370 2007 φέρον
396 1926 439 1999 εἰς
465 1925 497 1988 τὸ
524 1928 613 2000 αὐτος
640 1936 693 1989 τοῦ
721 1925 839 2009 ἀγγείου
866 1926 898 1989 τὸ
926 1932 965 1987 Λ.
1015 1922 1100 2006 ἐχέτω
1128 1922 1160 1986 δὲ

151 2015 183 2078 τὸ
216 2013 303 2077 ὠτίον
334 2013 385 2077 καὶ
416 2016 553 2097 ὑιαὺγιον
584 2014 615 2077 τὸ
646 2017 679 2078 Θ.
729 2016 961 2098 καταλαβόμενοι
988 2006 1045 2077 οὑν
1072 2012 1104 2075 τὸ
1135 2015 1161 2075 Θ

152 2105 288 2186 διαύγιον
318 2104 510 2185 πληρώσομεν
541 2103 573 2167 τὸ
606 2102 725 2186 ἀγγεῖον
755 2105 848 2187 ὑγροῦ
881 2105 930 2166 &A
961 2127 1042 2176 τινος
1076 2099 1161 2182 ἀπῆς,
1199 2125 1204 2132 ·

151 2195 215 2275 ήτις
238 2192 308 2273 μετὰ
331 2191 387 2271 τῆν
409 2192 527 2275 ἔγχυσιν
550 2192 792 2274 στεγνωθήσεται,
814 2192 835 2274 ή
856 2193 907 2255 καλ
930 2187 970 2253 δι’
995 2192 1160 2254 αὐτοῦτοῦ

152 2287 213 2344 ΔΕ
237 2287 368 2361 σωλῆνος
385 2283 567 2362 πληρούσθω
584 2281 617 2344 τὸ
636 2280 765 2364 ἀγγεῖον,
787 2292 840 2345 τοῦ
860 2281 944 2364 ἀέρος
963 2280 1160 2362 ἕαχωροῦντος
1175 2294 1203 2333 20

154 2371 204 2433 διὰ
225 2381 278 2433 τοῦ
304 2373 331 2432 Θ
354 2371 499 2453 ὑιαυγίον.
544 2370 677 2452 φανερὸν
700 2363 756 2433 οὑν
780 2372 824 2433 ὅτι
846 2369 950 2432 καὶτὸ
973 2374 1003 2430 Γ
1022 2368 1161 2449 σφαιρίον

147 2459 379 2542 ’πληρωθήσεται
401 2459 494 2541 ὑγροῦ
517 2459 537 2540 ῆ
561 2461 610 2522 ὑιά
633 2459 688 2538 [τε]
710 2470 764 2523 τοῦ
782 2464 844 2521 ΔΕ
865 2459 1049 2540 σωληναρίου
1073 2456 1093 2537 ή
1112 2456 1162 2517 διὰ

152 2558 206 2611 τοῦ
238 2553 269 2608 A
300 2549 426 2630 τρηματί
463 2597 470 2609 .
523 2548 577 2611 ἐὰν
609 2541 666 2611 οὑν
697 2547 948 2630 ιιαταστρέψαντες
979 2547 1011 2609 τὸ
1044 2545 1165 2627 ἀγγεῖον
1198 2563 1201 2572 “

154 2636 271 2717 ἀνῶμεν
294 2635 326 2698 τὸ
348 2639 373 2698 Θ
396 2638 543 2719 ὑιαῦγιον,
565 2637 695 2720 έιιρεὺσει
717 2637 748 2699 τὸ
772 2637 804 2700 ἐν
822 2645 862 2722 τῷ
880 2641 910 2697 Γ
924 2636 1051 2722 σφαιρίφ
1070 2632 1162 2716 ὑγρὸν

153 2725 203 2788 καλ
230 2725 262 2788 τὸ
290 2724 322 2787 έν
345 2731 385 2810 τῷ
408 2729 469 2786 ΔΕ
492 2728 674 2814 σωληναρίῳ.
720 2728 769 2788 ὑεῖ
787 2724 819 2788 δὲ
841 2726 873 2789 τό
897 2749 927 2788 τε
949 2730 980 2785 A
1002 2724 1162 2805 τρημάτων
1177 2735 1204 2776 2⁵

153 2815 203 2877 καλ
229 2814 261 2876 τὸ
284 2819 309 2874 Ζ
333 2813 453 2894 στόμιον
475 2825 528 2877 τοῦ
551 2818 646 2877 ΗΘΖ
670 2821 800 2896 σωλῆνος
822 2814 909 2897 έγγὺς
932 2808 1008 2876 εἶναι
1030 2810 1163 2891 ἀλλήλων

153 2903 227 2987 πρὸς
264 2901 344 2990 αὐτῷ
376 2910 416 2990 τῷ
447 2902 581 2985 πυθμένι
612 2916 665 2967 τοῦ
697 2905 848 2984 σφαιρίον.
901 2904 990 2965 πάλιν
1022 2893 1077 2963 οὑν
1109 2900 1163 2962 ἐὰν

227 3065 241 3112 1
257 3059 330 3112 αὐτῶ
344 3055 412 3112 AG:
431 3053 520 3128 αὐτῷο
534 3057 557 3110 Τ
625 3063 640 3111 2
656 3055 723 3113 ἔστω
736 3065 828 3127 τρῆμα
842 3055 937 3125 ἕτερον
950 3055 1018 3110 ὑαΤ
1081 3060 1098 3107 4
1113 3049 1163 3108 οὑν

154 3127 235 3203 AG„
255 3129 287 3184 δὲ
303 3111 412 3201 Ᾰ,Θ,Τ
484 3128 707 3199 ῦπληράσομεν,
726 3145 790 3183 oex
804 3150 824 3183 ω
840 3129 956 3197 οοττ,,Α
1024 3131 1041 3180 8
1059 3123 1164 3194 τρήμα-

154 3222 201 3265 τος
218 3201 285 3256 AG:
308 3200 485 3272 τρυπήματος
502 3199 525 3252 Τ
602 3206 618 3254 9
641 3200 690 3256 ιιαλ
708 3199 816 3271 AGT‚:
839 3215 892 3254 om.
907 3199 939 3271 Τι
1022 3201 1109 3250 9-10
1132 3195 1164 3249 τὸ

155 3275 289 3342 σφαίριον
307 3273 393 3342 ὑγροῦ
411 3271 443 3325 τὸ
462 3275 489 3325 Γ
503 3273 537 3326 tr.
553 3269 586 3343 '1¹l
668 3277 702 3325 10
720 3270 738 3326 f.
754 3272 927 3340 σωληναρίου
947 3266 985 3343 (ἢ
1005 3266 1054 3322 διὰ
1072 3274 1121 3321 τοῦ
1139 3271 1165 3320 A

155 3342 329 3417 τρηματίοο)
402 3348 436 3396 12
455 3338 486 3397 έν
505 3348 542 3415 τῷ
561 3344 638 3412 (ante
657 3345 723 3412 ΔΕ)
743 3341 821 3414 Θ,Τι
841 3358 892 3396 om.
908 3339 972 3412 AG(l

228 3469 327 3524 11ια1
346 3467 405 3523 GP:
428 3468 460 3522 τὸ
478 3468 501 3520 Β
579 3472 612 3521 18
631 3466 810 3537 πληρώσομεν
828 3466 916 3521 BcL2
939 3464 1124 3536 πληρώσωμεν
1142 3462 1166 3515 Ρ

192 3546 225 3594 22
244 3559 273 3594 τε
292 3540 324 3595 b:
343 3539 404 3609 ipse
423 3537 536 3608 seclusi,
556 3537 644 3593 om.L
717 3543 751 3592 26
770 3537 789 3593 f.
805 3539 891 3593 ΘΗΖ
