2626 3914
146 167 213 231 212
265 168 414 222 ΗΡιωιοΣ
431 164 699 227 mamm
717 167 985 222 mmmmm
1002 169 1033 222 ο.

148 331 303 412 θιαύγιου
338 327 608 416 ἀναστρέψωμεν,
643 331 896 416 πληρωθήσεται
927 331 965 395 τὸ
998 333 1157 416 σφαιρίον

147 435 203 502 καὶ
229 437 267 501 τὸ
296 437 517 522 σωληνοίριον·
545 435 650 522 ὁγὰρ
673 435 711 502 έν
733 435 846 513 αὐτοῖς
868 435 930 522 ἀήρ
954 435 1157 522 έκκρουσθή-

149 559 239 609 σεται
266 543 331 610 ὑπὸ
359 553 419 609 τοῦ
447 542 664 628 ἐμπίπτοντος
692 541 807 628 ὑγροῦ.
853 537 922 608 εἶτα
949 543 1051 608 πάλιν
1078 543 1158 609 ὅταν

148 649 422 737 καταστρέψωμεν
444 649 481 715 τὸ
505 648 650 734 ἀγγεῖον,
672 650 774 715 πάλιν
795 650 832 716 τὸ
856 656 932 715 ίσου
953 649 1060 735 ὑγρὸν
1078 650 1157 736 ῥυή-

148 773 249 840 σεται,
268 757 297 822 εί
315 756 359 841 μή
378 757 442 842 ἀρα
460 757 549 841 παρὰ
567 756 629 840 τήν
648 757 815 842 διαφορὰν
832 765 892 822 τοῦ
909 761 980 821 ΛΕ
997 762 1157 841 σωλήυος·
1184 776 1197 818 5

149 863 189 929 οὐ
212 865 276 948 γὰρ
299 859 351 927 ἀεὶ
371 863 636 948 πληρωθήσεται,
658 861 742 927 ἀλλὰ
764 864 846 928 κατὰ
864 863 925 946 τήν
942 872 1003 928 τοῦ
1022 862 1158 945 ἀγγείου

147 968 291 1034 κένωσιν
316 965 371 1032 καὶ
400 967 500 1044 αὐτὸς
526 970 764 1052 κενωθήσεται·
792 968 874 1053 αὕτη
903 965 940 1034 δὲ
966 969 986 1053 ή
1013 971 1158 1055 διαφορὰ

148 1075 358 1140 παντάπασιν
380 1073 532 1160 ἐλαχίστη
555 1074 654 1141 έστίυ.

630 1267 671 1336 Π.

215 1395 277 1472 Εἰς
290 1397 363 1460 ἔνια
376 1393 492 1477 ἀγγεῖα
505 1394 757 1480 θιαφυσηθέντα
770 1372 1035 1481 ἀθωράναπιέζει
1046 1393 1158 1472 οὕτως.
1172 1415 1199 1456 10
1297 1412 1299 1416 ’

216 1502 285 1566 Διά
311 1511 371 1567 τοῦ
395 1503 554 1586 στόματος
577 1501 680 1567 αὐτοῦ
703 1503 874 1568 διωθεῖται
897 1502 1007 1586 σωλήν
1029 1499 1159 1586 ἀπέχων

150 1603 211 1692 μὲν
234 1607 297 1672 ἀπὸ
321 1616 381 1673 τοῦ
404 1607 576 1692 πυθμένος
594 1608 712 1693 βραχύ,
736 1605 1040 1691 συνεστεγνωμέυος
1058 1603 1096 1672 δὲ
1112 1616 1159 1695 τῷ

151 1717 287 1798 στόματι
322 1711 377 1778 καὶ
414 1715 461 1790 εἰς
496 1715 617 1780 λεπτὸν
654 1711 859 1798 συνηγμένος
895 1715 1041 1798 στόμιον.
1101 1712 1160 1778 ἐὰν

151 1815 256 1904 (οὖν)
274 1823 534 1905 καταλαβόμενοι
551 1821 589 1885 τὸ
608 1818 783 1906 εἰρημένον
798 1821 934 1904 στόμιον
947 1827 993 1908 τῷ
1008 1820 1159 1908 δακτύλῳ

151 1925 314 2012 έγχέωμευ
336 1927 393 1991 διαί
414 1950 506 2003 τινος
529 1926 611 2011 ὀπής
632 1925 739 2011 ὑγρὸν
760 1923 815 1990 καὶ
838 1927 918 2010 μετὰ
940 1927 1001 2010 τήν
1023 1929 1160 2012 ἔγχυσιν
1173 1946 1199 1988 ιι

150 2035 208 2099 ’διὰ
238 2041 296 2117 τῆς
327 2032 428 2115 αὐτῆς
459 2033 541 2116 ὀπῆς
572 2032 819 2117 έμφνσήσαντες
847 2032 982 2120 κλειθίῳ
1009 2031 1160 2099 ἀποκλεί-

152 2147 261 2224 σωμεν
282 2140 344 2224 τήν
366 2139 451 2223 ὀπήν
472 2137 527 2204 καὶ
550 2138 682 2224 ἀνῶμεν
703 2139 741 2204 τὸ
764 2147 824 2204 τοῦ
848 2144 995 2223 σωλήυος
1014 2143 1160 2226 στόμιον,

153 2245 453 2330 ἀναπυτισθήσεται
477 2242 520 2310 δι’
543 2244 646 2310 αὐτοῦ
669 2245 706 2310 τὸ
727 2244 834 2331 ὑγρὸν
851 2244 917 2311 ὑπὸ
935 2255 996 2311 τοῦ
1015 2245 1160 2332 έμφυση-

152 2351 273 2428 θέντος
295 2350 350 2416 καὶ
372 2350 596 2437 πεπιλημένον
619 2349 723 2437 ἀέρος.

152 2497 384 2578 καταλαβόμενοι
402 2495 434 2558 τὸ
454 2496 590 2578 διαύγιον
608 2494 836 2578 ἀναστρέψωμεν
849 2495 882 2558 τὸ
897 2495 1024 2579 ἀγγεῖον,
1044 2504 1160 2581 πληρω-
1175 2515 1201 2554 20

153 2587 277 2665 θήσεται
312 2583 345 2646 τὸ
377 2587 516 2667 σφαιρίον
549 2584 599 2646 διὰ
629 2595 682 2647 τοῦ
714 2591 746 2646 Λ
776 2585 922 2667 τρήματος
953 2586 1004 2648 καλ
1035 2587 1068 2650 τὸ
1100 2592 1161 2649 ΔΕ

152 2676 347 2754 σωληνιίριον.

225 2831 240 2880 ὅ
254 2826 332 2896 παρὰ
342 2826 445 2952 ΑΤὰθι
459 2824 646 2899 περὶΑβΤιι
661 2826 772 2883 τ’τιωλαΙι
816 2831 832 2881 8
845 2821 920 2882 ἔστιν
935 2821 1063 2898 ἐλαχίστη
1072 2829 1161 2886 λιεΤΙ)

190 2904 224 2952 10
242 2899 261 2952 ἀ
296 2904 341 2952 εἴα
359 2899 385 2952 A

154 2917 318 3041 1.(1έρλιζ)
341 2963 560 3039 έμφυσηθέντος.
597 2968 632 3024 of.
650 2968 700 3024 lin.
717 2974 833 3038 18-19‚
859 2969 909 3024 sed
931 2987 956 3024 v,
975 2968 1062 3024 etiam
1083 2971 1162 3026 111⁵

154 3051 191 3112 (p.
211 3046 277 3109 242,
292 3043 319 3111 2)
407 3037 553 3107 ἀναπιέζει
576 3042 630 3096 ab:
658 3037 838 3106 ἀναπιέζεται
855 3040 911 3112 M‚:
935 3042 1162 3110 comprimiturh

191 3117 224 3166 11
238 3111 271 3166 δὲ
285 3120 334 3166 τοῦ
348 3111 371 3165 Τ
443 3113 529 3167 αὐτοῦ
544 3112 633 3181 codd„
644 3129 696 3181 per
709 3111 844 3179 orificium
857 3113 947 3180 ίμονκι
960 3111 995 3166 Lx
1009 3111 1162 3182 λάγγείον,

153 3182 212 3238 nini
232 3182 305 3237 forte
329 3181 370 3238 sic
393 3182 544 3254 legendum
566 3185 620 3239 est:
645 3181 753 3254 (Ἔστω
776 3201 803 3236 τι
823 3181 970 3254 ἀγγεῖον>·
995 3182 1094 3239 διὰδὲ
1113 3193 1162 3239 τοῦ

155 3258 290 3324 στόματος
304 3255 390 3310 αὐτοῦ
404 3249 452 3309 κτὲ
525 3259 557 3307 12
572 3258 608 3326 τῷ
622 3253 682 3308 Tb:
702 3251 820 3307 om.AG
891 3259 925 3306 14
939 3250 989 3308 οάν
1004 3253 1062 3310 bL=
1081 3271 1164 3310 om

419 2898 452 2953 b:
471 2899 585 2968 ἀγγεῖον
599 2897 622 2951 Τ
693 2896 909 2968 διαφυσηθὲντα
923 2901 1012 2967 (-σιθ-
1027 2898 1091 2970 AG)
1105 2900 1161 2956 ab:

226 3403 242 3451 6
268 3399 390 3465 σωλῆνας
412 3411 443 3450 a:
472 3397 643 3463 σωληναρίου
666 3393 712 3448 Μι
820 3400 853 3449 12
878 3397 929 3464 μὲν
952 3393 1012 3448 GP:
1041 3411 1094 3449 om.
1113 3396 1163 3451 BL

192 3472 225 3521 18
245 3468 503 3532 ἀναποτισθήσεται
521 3465 580 3521 ΟΡι
599 3463 874 3532 ἀναπτυτισθήσεται
891 3465 914 3518 Β
995 3470 1027 3518 19
1045 3471 1164 3538 πεπιλη-

156 3535 241 3607 μένον
260 3552 291 3592 εε
312 3534 517 3606 πιληθέντοςλ)
589 3541 623 3590 20
642 3536 673 3590 τὸ
691 3536 805 3605 ἀγγεῖον
823 3535 911 3591 BGL:
931 3536 1021 3592 om.P
