2598 3886
137 199 184 263 74
256 199 406 253 ΗΡΩΝΟΣ
423 196 690 257 ΔΛΕΞΔΝΔΡΕΩΣ
708 198 979 252 ΠΝΕΤΜΑΤΙΚΩΝ
998 200 1030 253 Δ.

137 358 178 427 δέ
200 359 255 426 καὶ
278 359 388 447 ἕτερος
411 362 522 444 σωλήν
544 360 581 426 έν
603 371 642 447 τῇ
666 363 792 448 σφαίρᾳ
814 360 832 427 ὁ
860 365 959 426 TN
981 360 1038 425 διά
1060 383 1155 438 τινος

136 470 350 553 τρυπήματος
382 465 667 554 έπιπεφραγμένος
697 467 734 532 τὸ
761 468 857 532 κάτωΙ
878 470 1016 552 στόμιον
1042 467 1079 532 τὸ
1110 471 1152 550 Φ,

99 647 103 652 ,
137 572 175 640 έκ
205 570 243 640 δέ
268 585 336 650 τῶν
361 577 513 657 πλαγίων
538 571 692 661 τρύπημα
719 575 804 666 ἔχων
832 574 1039 659 στρογγύλον
1061 574 1099 638 τὸ
1122 575 1157 637 Χ

135 683 228 768 παρά
250 681 310 746 τὸν
332 679 497 766 πυθμένα,
521 671 547 767 ᾧ
568 682 779 766 προσκείσθω
802 680 950 745 κλειὸίον
971 681 1008 745 τὸ
1031 679 1151 746 καλού-

136 811 242 872 μενον
270 789 360 873 παρά
386 786 555 872 Ῥωμιάοις
587 785 763 872 ἀσσάριον,
791 782 832 852 ού
858 788 920 871 τήν
946 786 1152 868 κατασκευήν
1178 803 1192 844 ι

140 891 213 977 ἑξῆς
236 891 389 979 ἐροῦμεν·
412 891 522 979 ἕτερος
544 889 581 957 δὲ
604 892 756 976 σωλήνὸ
785 895 857 957 ΨΩ
878 895 1050 958 καθείσθω
1073 907 1152 957 συν·

137 997 377 1086 εσμηρισμέυος
408 1007 454 1087 τῷ
487 1003 596 1063 ΤΦΤ.
633 996 692 1064 έάν
718 993 781 1064 ούν
813 997 1061 1075 ἀνασπάσαντες
1091 999 1152 1063 τὸν

146 1109 218 1171 ΨΩ
246 1111 377 1188 σωλήνα
405 1101 567 1189 έγχέωμευ
594 1106 642 1182 είς
667 1105 727 1170 τὸν
754 1109 853 1170 Tm
880 1112 1012 1189 σωλήυα
1033 1105 1151 1191 ὑγρόν,

138 1214 357 1280 εἰσελεύσεται
389 1213 436 1288 είς
467 1212 505 1276 τὸ
536 1221 651 1295 τεῦχος
680 1221 738 1295 τῆς
765 1215 908 1298 σφαίρας
940 1214 997 1278 διὰ
1028 1221 1088 1277 τοῦ
1121 1214 1154 1275 X

135 1321 348 1406 τρυπήματος
366 1315 586 1403 ἀνοιγομένου
604 1327 665 1384 τοῦ
682 1318 831 1385 κλειάίου
845 1320 892 1396 εἰς
910 1320 947 1384 τὸ
962 1322 1025 1385 ἔσω
1039 1317 1149 1405 μέρος,
1163 1334 1190 1375 1⁰

134 1436 198 1492 τοῦ
230 1423 326 1512 ἀέρος
355 1423 579 1511 έκχωροῦντος
611 1425 761 1490 θιὰτῶν
790 1424 828 1490 έν
853 1434 900 1513 τῷ
928 1429 1001 1490 ΟΠ
1024 1431 1148 1509 σωλήυι

134 1529 322 1620 εἰρημένων
350 1532 571 1618 τρυπημάτωυ
593 1528 648 1596 καλ
670 1530 830 1616 κειμένων
852 1534 934 1597 κατά
956 1533 996 1598 τά
1020 1531 1057 1597 έν
1078 1542 1149 1608 τοῖς
1267 1619 1269 1622 .

137 1643 178 1704 Η
181 1642 297 1722 ΘΚΛ,
332 1636 476 1711 ΖΜΝΞ
509 1643 632 1721 σωλῆσι
658 1639 860 1724 τρυπήματα.
901 1638 982 1703 ὅταν
1008 1633 1071 1704 οὖν
1099 1636 1143 1703 δι’

133 1745 278 1830 ἡμίσους
306 1742 439 1827 γένηται
462 1743 482 1826 ἡ
507 1753 632 1831 σφαῖρα
653 1753 714 1810 τοῦ
736 1744 858 1831 ὑγροῦ,
886 1743 1088 1829 ἐγκλίνωμεν
1110 1745 1148 1810 τὸ

137 1855 206 1916 ΣΡ
231 1851 446 1935 σωληνίθιον,
472 1851 556 1916 ὥστε
585 1849 789 1936 παραλλάξαι
812 1853 851 1916 τά
873 1851 1061 1933 κατάλληλα
1082 1854 1148 1917 κεί-
1163 1867 1189 1909 1⁶

136 1979 221 2042 μενα
243 1958 447 2044 τρυπήματα
475 1951 546 2022 εἶτα
567 1955 740 2034 καθιέντες
761 1958 820 2022 τὸν
849 1960 921 2021 ΨΩ
944 1963 1076 2042 σωλήνα
1099 1956 1150 2023 έκ-

25 2108 27 2111 -
134 2067 310 2148 θλίβωμευ
336 2061 379 2128 δι’
408 2062 511 2129 αὐτοῦ
540 2064 600 2128 τὸν
623 2062 660 2128 έν
681 2071 727 2152 τῷ
754 2068 852 2128 Tro
875 2070 998 2147 σωλήυι
1022 2064 1150 2130 έναπει-

135 2169 305 2254 λημμέυον
334 2167 414 2255 άέρα
445 2193 480 2234 τε
512 2167 566 2234 καὶ
595 2169 716 2255 ὑγρόν,
748 2167 785 2246 ὃς
808 2170 849 2253 δή
872 2172 1013 2256 χωρήσει
1037 2172 1084 2248 εἰς
1110 2172 1148 2236 τὸ

133 2286 253 2359 τεῦχος
284 2285 341 2361 τῆς
367 2279 510 2362 σφαίρας
537 2277 593 2340 θιά
620 2284 681 2341 τοῦ
707 2274 855 2342 κλειὸίου
882 2279 962 2360 μετά
990 2279 1064 2360 βίας
1091 2277 1148 2342 θιά

133 2382 175 2448 τὸ
212 2383 273 2465 τήν
309 2392 456 2469 σφαῖραν
488 2385 596 2468 πλήρη
633 2376 719 2448 εἶναι
753 2373 849 2469 ἀέρος
880 2407 915 2448 τε
946 2381 1001 2448 καὶ
1032 2383 1148 2470 ὑγροῦ.
1163 2399 1189 2440 2⁰

134 2491 264 2573 γίνεται
287 2483 350 2554 οὖν
366 2488 387 2572 ή
406 2494 565 2575 είσκρισις
585 2489 668 2554 κατὰ
684 2491 821 2573 πίλησιν
838 2498 899 2556 τοῦ
917 2489 1014 2576 ἀέρος
1032 2507 1149 2577 συνερ-

135 2593 281 2680 χομένου
308 2597 355 2672 εἰς
380 2596 421 2660 τά
450 2591 764 2681 παρεμπεπλεγμένα
786 2595 907 2680 μεταξὺ
930 2595 1034 2662 αὐτοῦ
1055 2596 1149 2661 κενά·

160 2818 163 2825 ,
205 2761 296 2835 874,
313 2761 452 2835 13-76,
468 2761 508 2818 15
533 2759 603 2820 ὅταν
626 2751 682 2821 οὖν
702 2757 992 2840 ...έκκρουσθῆναι
1014 2757 1146 2842 ἀέραε

137 2843 162 2908 l)
183 2850 233 2924 74,
249 2850 388 2924 24-76,
404 2850 458 2907 32:
482 2846 552 2910 ὅταν
570 2839 627 2910 ούν
645 2841 685 2910 δι’
700 2845 827 2929 ἡμίσους
845 2856 898 2928 τῆς
916 2848 1044 2930 σφαίρας
1061 2846 1148 2930 γένη-

135 2960 185 2998 ται
207 2936 239 2997 τὸ
262 2935 365 3018 ὑγρόν,
387 2933 576 3016 έγκλινοῦμεν
598 2937 630 2999 τὸ
652 2941 708 2997 ΡΣ
729 2937 922 3018 σωληνάριον,
945 2936 1017 2998 ὥστε
1038 2942 1147 3019 παραλ
1162 2948 1190 2990 2⁶

138 3026 222 3100 λάξαι
243 3023 280 3086 τὰ
302 3025 486 3103 καταλλήλας
507 3027 625 3105 κείμενα
648 3025 830 3106 τρυπήματα,
851 3025 900 3086 καὶ
922 3023 1075 3100 καθιέντες
1097 3024 1149 3088 τὸν

140 3117 212 3176 ΨΩ
234 3118 351 3193 σωλῆνα
372 3111 557 3194 έκθλίψομεν
580 3108 619 3176 δι’
638 3115 730 3176 αὐτοῦ
748 3113 800 3175 τὸν
818 3112 851 3175 έν
869 3120 908 3200 τῷ
929 3117 1021 3175 m
1038 3119 1149 3194 σωλῆσι

134 3201 389 3283 έναπειλημμένον
416 3201 487 3283 ἀέρα
513 3225 544 3264 τε
570 3201 621 3264 καί
642 3202 750 3284 ὑγρόν,
777 3197 811 3276 ὃς
832 3202 883 3265 καί
904 3201 1029 3286 χωρήσει
1051 3203 1093 3276 είς
1115 3201 1147 3264 τὸ

134 3303 239 3374 τεῦχος
261 3301 314 3372 τῆς
336 3292 464 3372 σφαίρας
487 3291 537 3353 διὰ
559 3300 612 3353 τοῦ
634 3292 763 3356 κλεισίον
787 3290 857 3371 μετὰ
878 3293 947 3372 βίας
970 3290 1020 3353 διὰ
1041 3291 1074 3354 τὸ
1092 3291 1148 3370 τήν

135 3387 269 3463 σφαῖραν
294 3381 392 3462 πλήρη
420 3373 496 3442 εἶναι
523 3378 609 3464 ἀέρος
634 3403 664 3442 τε
690 3379 741 3441 καλ
768 3378 870 3460 ὑγροῦ.
915 3381 1026 3462 γίνεται
1048 3371 1105 3442 ούν
1127 3376 1189 3459 ήιο

135 3470 275 3552 είσκρισις
311 3469 385 3531 κατὰ
420 3470 540 3549 πίλησιν
576 3479 629 3532 τοῦ
666 3467 750 3550 ἀέρος
787 3467 1003 3550 συνερχομένου
1037 3469 1080 3542 είς
1111 3468 1147 3530 τά

134 3557 415 3640 παρεμπεπλεγμένα
441 3555 550 3639 μεταξύ
577 3557 669 3620 αύτοῦ
696 3558 779 3618 κενά·
812 3551 873 3618 εἶτα
900 3558 989 3619 πάλιν
1016 3554 1146 3619 ἀνασπά-
