2604 3908
133 166 200 231 404
235 167 385 220 ΗΡιιιιοε
403 162 605 225 mmm.
619 166 706 218 ΠΕΡι
723 164 1141 218 ιιεοιιιτοιιοιιινιιιιιε.

134 330 171 393 τὸ
197 332 372 412 πλινθίον,
400 326 493 415 ἑτέρα
520 328 664 413 σπάρτος
691 325 903 392 ἐπισπάσεται
930 325 967 390 τὸ
989 325 1074 411 πρὸς
1096 333 1144 412 τῷ
1283 331 1285 402 ’γ

134 438 169 500 K
193 438 367 522 κλειθρίον
392 433 448 500 καί
475 433 599 513 ἀνοίξει
625 432 715 499 αὐτό.
760 431 816 499 καὶ
843 433 947 510 οὕτως
973 433 1036 516 τὴν
1062 431 1144 498 ἀπο-

133 545 271 629 πορείαν
291 545 471 627 ποιήσεται.

329 859 436 926 ΠΕΡΙ
461 859 641 926 ΣΤΑΤΩΝ
662 858 948 926 ΑΤΤΟΜΑΤΩΝ.

58 1003 120 1068 XX
191 1002 272 1068 Ὅσα
294 1000 357 1088 μὲν
381 999 444 1068 οὖν
466 1004 533 1068 ἔδει
555 1001 632 1090 περὶ
650 1014 717 1068 τῶν
734 1003 932 1086 ὑπαγόντων
950 1003 1145 1088 αὐτομάτων
1174 1024 1188 1065 ε

83 1094 123 1134 ²⁶⁸
136 1117 441 1197 πραγματευθῆναι,
455 1114 631 1194 νομίζομεν
647 1112 767 1186 ἱκανῶς
781 1109 1010 1196 ἀνεστράφθαι
1025 1109 1062 1174 έν
1075 1119 1145 1186 τοῖς

135 1215 451 1303 προγεγραμμένοις·
474 1214 529 1282 καὶ
552 1218 615 1303 γάρ
639 1217 787 1293 εὐκόπως
808 1215 863 1281 καὶ
886 1215 1073 1292 ἀκινδύνως
1090 1214 1147 1281 καὶ

137 1322 237 1404 ξίνως
258 1325 347 1409 παρὰ
370 1325 410 1389 τά
432 1325 497 1408 πρὸ
520 1324 614 1409 ἡμῶν
636 1320 909 1409 ἀναγεγραμμένα
931 1327 1147 1409 κατακεχωρί-

135 1454 253 1515 καμεν,
285 1430 330 1506 ὡς
362 1433 430 1496 ἔστι
462 1433 566 1514 δῆλον
598 1441 668 1508 τολς
694 1429 946 1516 πεπειραμένοις
972 1440 1040 1494 τῶν
1066 1431 1147 1515 πρό-

137 1561 235 1624 τερον
258 1537 565 1623 ἀναγεγραμμένων.
606 1537 683 1624 περὶ
706 1534 744 1602 δέ
766 1549 834 1603 τῶν
856 1548 985 1603 στατῶν
1005 1536 1147 1620 αὐτομά-
1161 1556 1188 1596 ιο

137 1668 205 1710 των
236 1647 429 1729 βουλόμεθα
460 1646 603 1730 γράφειν
634 1645 829 1728 καινότερόν
856 1663 901 1708 τι·
933 1640 988 1708 καὶ
1015 1641 1147 1728 βέλτιον

137 1763 206 1816 τῶν
236 1751 300 1837 πρὸ
328 1751 422 1835 ἡμῶν
449 1752 515 1834 άμα
541 1750 596 1816 καὶ
623 1751 706 1836 πρὸς
733 1751 952 1816 διδασκαλίαν
978 1750 1147 1834 <μᾶλλον>

138 1857 282 1944 ἁρμόζον
304 1853 406 1922 οὐδέν
428 1856 569 1943 εὕρομεν
591 1868 659 1923 τῶν
680 1857 745 1922 ὑπὸ
771 1860 923 1933 Φίλωνος
944 1865 1005 1921 τοῦ
1023 1859 1148 1935 Βυζαν-

102 1968 212 2029 θτίου
239 1962 546 2049 ἀναγεγραμμένων.
592 1966 661 2030 ἔστι
684 1960 721 2028 δὲ
744 1969 854 2048 μῦθος
876 1960 930 2028 καί
952 1962 973 2046 ἡ
997 1963 1148 2038 διάθεσις
1185 2043 1189 2050 ι
1229 2029 1232 2034 ,

19 2086 22 2093 ’
137 2080 205 2135 τῶν
227 2068 303 2156 περὶ
326 2071 385 2135 τὸν
409 2070 597 2154 Ναύπλιον,
621 2069 658 2136 έν
680 2061 702 2157 ᾗ
723 2073 846 2135 πολλαί
866 2094 901 2135 τε
923 2068 978 2135 καὶ
1000 2073 1147 2134 ποικίλαι
1163 2088 1188 2128 15

138 2174 307 2253 διαθέσεις
337 2177 524 2263 ὑπάρχουσι
555 2174 610 2241 καὶ
642 2176 683 2241 οὐ
711 2177 847 2260 φαύλως
874 2177 1149 2261 ολκονομούμεναι

138 2283 226 2366 πλὴν
243 2291 301 2366 τῆς
319 2293 465 2367 μηχανῆς
483 2292 540 2367 τῆς
557 2282 634 2369 περὶ
652 2284 714 2367 τὴν
727 2282 888 2368 Ἀθηνᾶν·
907 2280 1149 2369 ἐργωδέστερον

139 2390 203 2475 γάρ
230 2410 300 2465 πως
322 2390 383 2472 τὴν
405 2390 609 2473 κατασκευὴν
632 2389 821 2473 ἐποιήσατο·
853 2390 998 2455 δυνατὸν
1021 2391 1084 2474 γάρ
1107 2383 1149 2472 ἦν

212 2623 226 2670 1
246 2616 276 2671 τδ
292 2620 368 2688 (ante
381 2617 460 2687 πρὸς)
475 2615 540 2671 AT:
554 2615 626 2670 τῶίά
697 2623 715 2670 4
733 2616 857 2686 inscript.
870 2634 923 2671 om.
934 2617 963 2670 M
1016 2625 1071 2670 τῶν
1085 2633 1149 2670 στα-

140 2696 195 2741 τῶν
208 2687 271 2742 Par.
279 2693 348 2741 2431
420 2694 534 2757 4452,
545 2694 578 2741 12
593 2690 687 2742 ΠΕΡΙ
699 2730 704 2741 .
716 2731 722 2742 .
735 2731 740 2741 .
755 2687 971 2742 διαλλάσσονται
983 2687 1025 2742 od.
1035 2687 1069 2742 V.
1077 2687 1150 2741 Prou

140 2759 194 2814 Ιιτε
211 2759 326 2814 ίίιίάδνεε
343 2759 520 2814 ἀίιωίοκιοίεε
535 2776 570 2814 εκ
585 2758 669 2813 (ἀνίοι
686 2777 713 2828 p.
723 2763 864 2813 206-248
937 2766 952 2814 6
971 2757 1152 2828 ἀναγεγράφ-

139 2834 195 2884 θαι
208 2829 238 2882 Μ
309 2834 326 2883 8
345 2828 441 2896 ξένωςι
462 2838 565 2892 καινῶς
578 2828 663 2884 Diels¹
673 2849 675 2856 ¹
684 2829 733 2883 sed
748 2828 863 2888 cnghil.
874 2830 962 2884 Meoh.
974 2829 1052 2899 Synt.
1063 2835 1105 2896 56,
1116 2835 1150 2882 λδ

141 2900 184 2956 οδ.
194 2901 226 2955 R.
238 2899 362 2955 Schoene
429 2906 498 2956 8-9
516 2902 778 2971 κατακεχωρίκαμεν
792 2901 825 2956 R.
837 2900 961 2956 Schoene
978 2900 1009 2954 in
1027 2899 1150 2955 schedis:

141 2972 411 3043 κατακεχωρήιιαμεν
431 2987 449 3027 ιι
521 2971 597 3026 ἔσται
616 2974 702 3040 δῆλον
720 2980 778 3035 τοῖς
795 2971 1010 3042 πεπειραμένοις
1029 2972 1105 3044 (τῶν
1121 2991 1151 3027 τε

141 3041 192 3112 ὑφ’
208 3042 287 3114 ἡμῶν
306 3043 354 3097 καί
372 3052 427 3097 τῶν
445 3043 522 3116 m>
540 3052 596 3098 τῶν
614 3042 648 3097 Η.
659 3042 783 3097 Schoene
856 3047 890 3096 10
909 3059 945 3096 an
964 3042 1055 3116 <καλ>
1068 3043 1151 3111 mol?

178 3120 209 3168 11
226 3116 387 3188 βουλόμεθα
400 3114 466 3169 ΑΤ;
482 3116 649 3187 βουλώμεθα
663 3113 700 3169 G:
716 3113 879 3187 βουλόμενοι
892 3114 936 3169 Fr.
946 3114 1039 3168 Haase
1054 3113 1152 3184 (Ersch
1185 3113 1186 3118 ’

141 3203 168 3240 ιι.
188 3184 296 3240 Gruber
319 3187 470 3276 Εκιγίιίομ.
495 3203 516 3240 ε.
535 3205 559 3240 v.
577 3185 659 3240 Philo
682 3204 709 3255 p.
728 3191 780 3240 432
805 3185 898 3240 adnot.
916 3187 961 3256 84)
1037 3180 1152 3255 ἐπιγρά-

142 3276 208 3325 φειν
222 3257 258 3311 T:
278 3255 319 3312 έτι
334 3276 455 3327 γραφειν
468 3257 542 3311 Prou
555 3256 574 3312 l.
584 3256 603 3311 1.
621 3275 648 3326 p.
660 3260 711 3311 128
783 3277 821 3311 u:
840 3256 872 3312 δὲ
890 3256 964 3310 Prou
976 3273 1005 3328 p.
1017 3261 1075 3311 128.
1091 3261 1151 3325 207,

142 3328 191 3396 qui
219 3326 306 3382 etiam
333 3328 497 3398 καινότερον
521 3345 584 3382 oum
608 3326 691 3383 οόδδν
714 3326 808 3398 iungit
898 3333 930 3381 12
954 3331 1057 3397 μᾶλλον
1080 3327 1153 3382 inse·

142 3402 208 3453 runt
222 3398 361 3454 Susamihl
377 3400 468 3455 θεεολι.
483 3399 509 3453 ί.
524 3399 621 3470 μνίιελ.
636 3398 734 3454 Ititter.
748 3398 769 3467 L
785 3404 836 3452 744
856 3397 949 3454 adnot.
966 3403 1018 3452 190
1032 3401 1061 3453 et
1075 3397 1152 3451 Diels

178 3476 213 3523 14
235 3469 254 3522 f.
275 3469 333 3543 (ὁ)
357 3473 449 3538 μῦθος
525 3476 558 3523 16
581 3479 637 3525 τῶν
655 3467 722 3524 AG:
745 3469 794 3524 καί
812 3468 848 3524 T:
871 3472 922 3524 aut
945 3468 1032 3524 deleri
1056 3469 1154 3523 autin

143 3541 218 3611 αὐτῷ
240 3539 372 3610 (Philoni)
394 3539 498 3594 mutan·
521 3540 581 3595 vult
601 3539 725 3595 Brinkm.
799 3545 832 3593 17
856 3537 1060 3611 ἐργωδεστέραν
1079 3541 1153 3596 Prou
