2596 3886
154 188 218 252 316
272 191 421 243 ΗΡΩΝΟΣ
440 185 707 248 ΑΛΕΞΑΝΔΡΕΩΣ
724 189 993 244 ΠΝΕΤΜΑΤῙΚΩΝ
1011 192 1042 243 Β.

151 360 212 417 τοῦ
247 353 423 435 γινώσκειν
454 351 553 437 ἡμᾶς,
590 353 669 417 πότε
700 351 737 416 τὸ
769 353 939 437 μιλιάριον
970 349 1163 437 ἀναβράσει,

151 459 422 537 κατασκευάζεται
449 460 487 523 τὸ
515 459 695 542 χασμάτιον
721 456 921 543 τετρημένον
949 458 1078 524 διόλου·
1107 456 1162 523 καλ

151 563 333 650 νοηθέντος
355 574 416 629 τοῦ
438 563 684 650 ἐπιφράγματος
707 562 923 646 ἐπικαθήσδω
947 572 993 651 τῷ
1012 566 1162 653 τραχήλῳ

151 672 228 756 ἔχον
251 677 383 754 σωλήνα
405 673 533 756 μικρόν.
575 665 672 747 οὗτος
695 665 732 734 δὲ
755 668 935 754 ἀποβλέψει
958 672 1005 747 είς
1022 673 1081 737 τὸν
1100 676 1166 736 ΡΣ

151 787 307 863 κρατῆρα,
331 778 418 854 ὅπως
439 776 708 864 καραγινομένου
730 786 790 842 τοῦ
813 783 942 863 θερμοῦ
965 776 986 860 ἡ
1007 781 1163 864 προφορδι
1191 794 1206 835 ⁵
1294 851 1296 864 Λ

152 885 199 960 είς
216 885 276 948 τὸν
293 892 439 970 κρατῆρα
457 887 597 967 γίνηται.
633 883 654 967 ή
670 880 732 969 μὲν
746 878 808 950 οὖν
821 885 1004 968 κατασκευή
1018 884 1161 968 τοιαύτη.

152 989 211 1054 ἐὰν
229 988 342 1074 μέντοι
360 991 597 1076 προαιρώμεδα
616 992 660 1075 μή
680 991 797 1055 διόλου
814 990 876 1074 τήν
896 994 967 1054 ΖΗ
967 995 999 1056 Ε
1004 994 1033 1054 Θ
1051 991 1162 1076 χώραν

152 1095 415 1180 ἀπολαμβάνειν,
442 1095 527 1161 άλλδι
548 1095 644 1184 μέχρι
667 1095 804 1182 μέρους,
831 1097 1100 1176 κατασκευάζεται
1123 1100 1162 1163 τδι

152 1202 385 1288 διαφράγματα
402 1201 497 1289 μέχρι
515 1213 576 1268 τοῦ
593 1203 745 1288 ἡμίσους.Ι
777 1200 833 1267 καὶ
853 1202 1035 1269 ἐπιτίθεται
1049 1204 1163 1283 αὐτοῖς

152 1306 266 1395 ἕτερον
285 1310 478 1396 διάφραγμα
495 1309 550 1374 καὶ
570 1316 701 1394 σωλήνα
719 1311 879 1394 λαμβάνει
897 1311 1054 1394 διήκοντα
1067 1311 1162 1398 μέχρι
1176 1328 1204 1368 1⁰

152 1425 212 1481 τοῦ
244 1417 379 1503 ζῳδίου,
410 1415 465 1481 καὶ
495 1415 728 1501 ἐπικαιομένου
757 1419 847 1482 ἔσται
874 1416 894 1499 ή
921 1419 1078 1503 προφορδι
1104 1427 1162 1502 τῆς

153 1521 290 1606 ἀτμίδος
309 1522 344 1587 ἐκ
364 1533 422 1606 τῆς
440 1533 558 1610 μικρᾶς
575 1525 691 1610 χώρας.
733 1523 854 1608 ὁμοίως
872 1519 909 1588 δὲ
927 1522 981 1588 καὶ
997 1524 1044 1600 είς
1058 1523 1162 1607 αὐτήν

152 1631 189 1694 τὸ
212 1628 304 1715 ὕδωρ
328 1628 579 1714 ἐμβληθήσεται.

592 1858 723 1923 XXXV.

218 1987 372 2069 Χρῶνται
400 1981 513 2049 δὲκαὶ
538 1981 632 2070 ἑτέρα
653 1993 836 2069 κατασκευῇ
860 1985 995 2070 τοιαύτη
1019 1985 1102 2070 πρὸς
1124 1985 1161 2049 τὸ
1176 2001 1203 2042 15

154 2093 323 2168 σαλπίζειν
344 2088 399 2154 καλ
422 2089 595 2173 κοσσάφου
619 2091 735 2174 φωνήν
758 2088 938 2155 ἀποτελεῖν.

219 2197 331 2260 Πάλιν
353 2198 417 2279 γάρ
439 2198 477 2260 τὸ
501 2195 581 2260 αὐτὸ
605 2196 775 2281 μιλιάριον
797 2197 1067 2275 κατασκευάζεται
1086 2199 1162 2281 ἔχον

151 2301 276 2378 πάντας
299 2304 378 2378 τοὺς
401 2307 550 2385 σωλῆνας
572 2303 651 2378 τοὺς
669 2301 706 2366 ἐν
724 2311 762 2389 τῇ
782 2300 863 2388 ἕδρα
882 2301 1163 2389 συντετρημένους

153 2409 200 2483 εἰς
221 2409 261 2471 τά
283 2405 359 2493 παρ’
388 2405 523 2493 ἑκάτερα
545 2407 636 2494 μέρη.
676 2407 752 2495 περὶ
776 2404 814 2472 δὲ
836 2409 897 2492 τήν
916 2407 1060 2495 ἐφέδραν
1079 2412 1160 2474 ἔστω

152 2569 306 2650 γινώσκειν
328 2567 417 2650 ἡμᾶς,
439 2570 509 2632 πότε
531 2570 563 2632 τὸ
587 2571 733 2653 μιλιάριον
756 2569 874 2652 ἁρμόζει
896 2571 970 2652 πρὸς
993 2571 1025 2634 τὸ
1044 2582 1160 2653 κιρνᾶν,
1175 2587 1201 2627 2⁰

152 2658 391 2730 κατασκευάζεται
421 2659 453 2721 τὸ
480 2661 640 2740 χασμάτων
667 2659 842 2741 τετρημένον
870 2660 983 2722 διόλου·
1016 2660 1066 2722 καλ
1092 2684 1161 2742 τρη-

152 2743 259 2818 θέντος
291 2756 344 2808 τοῦ
375 2746 594 2830 ἐπιφράγματος
624 2747 828 2811 ἐπικαθείσδω
859 2752 900 2834 τῷ
931 2750 1062 2835 τραχήλῳ
1093 2747 1160 2830 ἔχον

153 2840 271 2914 σωλῆνα
296 2836 410 2916 μικρόν.
456 2830 542 2910 οὗτος
566 2835 598 2899 δὲ
621 2835 784 2918 ἀποβλέψει
805 2839 846 2910 εἰς
869 2838 920 2900 τόν
943 2843 1000 2898 ΡΣ
1019 2848 1159 2920 κρατῆρα,

153 2923 233 2997 ὅπως
260 2923 497 3006 παραγινομένον
524 2936 577 2988 τοῦ
603 2933 719 3008 θερμοῦ
746 2923 766 3006 ή
789 2926 927 3007 προφορδι
951 2927 993 3001 είς
1015 2927 1067 2989 τὸν
1088 2951 1160 3009 κρα-

152 3021 226 3094 τήρα
254 3014 378 3095 γίνηται.
423 3011 451 3093 ή
467 3012 521 3094 μὲν
544 3006 600 3076 οὖν
622 3014 786 3094 κατασκευή
810 3017 939 3096 τοιαύτη.
984 3015 1038 3077 ἐὰν
1062 3015 1161 3096 μέντοι
1175 3029 1202 3070 25

152 3102 363 3182 προαιρώμεθα
391 3102 430 3183 μή
459 3103 560 3165 διόλου
582 3104 637 3183 τήν
660 3108 761 3165 ΖΕΗ
763 3107 789 3166 Θ
810 3104 908 3184 χώραν
931 3103 1161 3186 ἀπολαμβάνειν,

152 3189 225 3252 ἀλλά
252 3190 334 3273 μέχρι
361 3191 483 3273 μέρους,
514 3194 755 3266 κατασκευάζεται
784 3191 819 3253 τδι
847 3193 1053 3274 διαφράγματα
1079 3192 1161 3275 μέχρι

151 3289 205 3341 τοῦ
232 3276 367 3360 ἡμίσους.
413 3280 462 3342 καί
488 3279 649 3343 ἐπιτίθεται
671 3281 773 3354 αὐτοῖς
796 3279 896 3363 ἕτερον
919 3282 1090 3365 διάφραγμα
1111 3283 1161 3345 καὶ

152 3370 294 3450 λαμβάνει
321 3373 439 3450 σωλῆνα
467 3370 607 3448 διήκοντα
629 3369 710 3451 μέχρι
731 3378 784 3432 τοῦ
807 3370 929 3455 ζῳδίου,
957 3370 1007 3431 καί
1030 3370 1160 3434 ἐπικαιο-

153 3454 243 3535 μένου
271 3456 351 3519 ἔσται
376 3455 396 3538 ή
419 3457 557 3540 προφορδι
579 3467 632 3537 τῆς
655 3457 776 3538 ἀτμίδος
798 3456 830 3519 ἔκ
852 3467 904 3537 τῆς
928 3469 1033 3540 μικρᾶς
1055 3460 1159 3541 χώρας.
1174 3474 1201 3514 80

55 3536 100 3546 ⁴
154 3541 262 3618 δμοίως
285 3544 317 3607 δὲ
339 3546 389 3608 καλ
411 3548 453 3620 είς
477 3546 571 3626 αὐτὴν
593 3546 625 3608 τὸ
648 3547 729 3626 ὕδωρ
752 3544 977 3626 ἐμβληθήσεται,
