2604 3908
173 169 237 234 368
275 171 424 224 ΗΡΩΝΟΣ
443 167 643 229 ΔΛΕΞΑΝΔΡ.
658 172 745 222 ΠΕΡΙ
763 170 1183 222 ΑΤΤΟΜΑΤΟΠΟΙΗΤΙΚΗΣ.

172 341 219 420 τῷ
238 332 365 417 ἐδάφει,
389 331 472 418 [καὶ]
492 330 535 397 δι’
559 332 669 397 αὐτῶν
689 332 750 415 τὴν
768 329 883 417 ἑτέραν
900 340 961 397 τοῦ
979 335 1185 418 παραλληλο-

172 441 325 525 γράμμου
339 440 487 526 πλευράν
500 441 743 525 πορευθησεται
757 439 795 503 τὸ
809 441 978 503 πλινθίον.
1006 433 1075 502 εἶτα
1084 438 1187 502 πάλιν

172 548 309 622 στάντος
337 547 439 611 αὐτοῦ
467 548 813 630 καταβιβασθησονται
841 546 874 610 οἱ
897 548 976 629 ΠΡ,
1003 548 1083 627 ΣΤ,
1111 548 1184 628 ΤΦ,

170 651 225 718 καί
253 654 355 719 πάλιν
378 651 421 717 δι’
450 653 561 718 αὐτῶν
583 654 644 736 τὴν
668 649 784 738 ἑτέραν
805 661 866 717 τοῦ
889 650 1185 738 παραλληλογράμ-

171 784 236 844 μου
267 761 416 844 πλευράν
449 757 661 842 ένεχθησεται
693 760 730 823 τὸ
762 762 931 823 πλινθίον.
981 756 1036 823 καί
1062 757 1184 823 τούτου
1210 773 1223 814 ⁵

172 865 311 944 ἐναλλάξ
331 863 521 949 γινομένου,
545 865 658 940 ὁσάκις
682 864 740 929 ἐάν
757 866 996 950 προαιρύμεθα
1019 863 1186 929 ἐλεύσεται

135 970 226 1037 λέπὶ
257 973 294 1037 τὸ
327 974 672 1058 παραλληλόγραμμον
703 973 740 1036 τὸ
767 974 936 1036 πλινθίον.
985 974 1121 1056 πορείας
1148 967 1186 1034 δὲ

172 1080 276 1162 μονάς
297 1081 478 1161 ποιήσεται,
501 1079 545 1155 ὡς
568 1077 610 1142 άν
632 1079 881 1164 προαιρώμεθα,
904 1079 960 1143 διά
982 1101 1016 1142 τε
1039 1089 1106 1142 τῶν
1128 1086 1186 1161 τῆς

174 1185 321 1269 σπάρτου
345 1184 542 1268 ἐπειλήσεονν
565 1182 710 1249 καὶτῶν
733 1185 958 1269 χαλασμάτων.

211 1290 304 1356 ,Ἵνα
328 1287 389 1357 οὖν
412 1293 456 1376 μη
480 1293 516 1356 τὸ
540 1293 641 1376 βάρος
660 1301 718 1374 της
736 1294 826 1368 λείας
844 1292 1071 1377 σφοδρότερον
1088 1314 1185 1356 κατα·
1198 1306 1226 1346 1⁰

173 1401 360 1482 φερόμενον
394 1398 431 1464 ἐν
464 1408 502 1484 τῇ
539 1399 672 1483 σύριγγι
704 1408 837 1482 ταχείαν
868 1395 1001 1481 ποιῆται
1032 1399 1093 1481 την
1124 1406 1184 1462 τοῦ

172 1508 335 1569 πλινθίου
361 1510 508 1590 κίνησιν,
538 1505 743 1589 ἐμβαλοῦμεν
770 1504 807 1570 ἐν
834 1514 872 1591 τῇ
900 1505 1034 1589 σύριγγι
1056 1506 1186 1589 κοῦφόν

173 1634 206 1675 τι
228 1609 282 1676 καὶ
306 1598 426 1677 λεπτὸν
448 1608 504 1675 καὶ
527 1613 696 1697 γλίσχρον,
720 1602 793 1677 οἷον
815 1608 957 1695 κέγχρον
977 1609 997 1694 ἢ
1016 1619 1115 1694 νᾶπυ,
1139 1612 1186 1687 είς

136 1724 155 1780 ὖ
174 1715 192 1781 ὃ
217 1717 413 1784 ἐπιπείσεται
435 1716 455 1801 ἡ
479 1720 558 1782 λεία.
594 1720 804 1804 τρυπήσομεν
823 1712 860 1781 δὲ
877 1717 937 1781 τὸν
954 1713 1110 1799 πυθμένα
1128 1725 1185 1799 τῆς

175 1823 333 1909 σύριγγος
361 1823 534 1911 συμμέτρῳ
561 1827 761 1909 τρυπηματι,
794 1823 812 1888 ὃ
840 1826 999 1910 κλειθρίῳ
1026 1821 1185 1906 ἀνοιχθή-
1198 1840 1226 1880 15

175 1934 269 1995 σεταί
297 1954 332 1996 τε
363 1929 418 1996 καί
449 1933 681 2015 κλεισθήσεται
710 1927 866 1995 Ῠέκόεθὲν
898 1930 1046 2017 σπάρτῳ,
1077 1924 1117 2012 ἧς
1147 1930 1184 1993 τὸ

175 2039 279 2124 άκρον
301 2036 393 2114 έκτὸς
412 2039 467 2102 διά
485 2039 693 2122 τρυπήματος
711 2037 859 2121 φανερὸν
878 2036 957 2120 ἡμῖν
974 2039 1076 2119 ἐσται,
1099 2036 1186 2112 ὅπως

176 2144 255 2209 ὅταν
282 2146 482 2229 βουλώμεθα
509 2151 677 2209 κινεῖσθαι
704 2145 740 2208 τὸ
764 2148 939 2227 πλινθίον,
968 2142 1186 2227 ἐπιλαμβανό-

175 2275 270 2334 μενοι
292 2261 349 2336 της
373 2251 520 2338 σπάρτου
541 2252 729 2334 λεληθότως
746 2249 929 2334 άνοιξοομεν
947 2251 984 2314 τὸ
1003 2253 1186 2334 κλειθρίον.

174 2355 230 2421 καὶ
258 2357 363 2433 ούτως
390 2366 447 2441 τῆς
475 2356 617 2443 κέγχρου
646 2357 784 2442 ῥεούσης
810 2355 914 2442 ἠρέμα
942 2358 989 2432 είς
1016 2357 1078 2439 την
1104 2356 1186 2422 ὑπο-
1201 2375 1229 2416 2⁰
1291 2349 1293 2354 ⁵

138 2462 329 2547 βκειμένην
357 2464 466 2547 βάσιν,
498 2473 584 2529 κινεί
615 2465 652 2528 τὸ
684 2467 852 2529 πλινθίον.
899 2463 955 2528 ἵνα
985 2459 1022 2528 δὲ
1049 2464 1093 2547 μὴ
1121 2464 1188 2547 άμα

176 2577 222 2655 τιβ
246 2569 445 2653 ἀνοιχθῆναι
468 2571 505 2634 τὸ
528 2573 703 2657 κλειθρίον
725 2570 831 2655 ὁρμην
854 2571 891 2635 τὸ
909 2573 1071 2635 πλινθίον
1092 2571 1187 2656 λάβη,

176 2673 241 2751 ἕξει
263 2676 383 2760 μικρὸν
405 2677 629 2760 χαλασμάτιον
651 2675 671 2759 η
696 2678 849 2762 σπάρτος,
873 2675 960 2752 ὅπως
984 2675 1097 2759 ὀλίγης
1115 2674 1188 2759 κέγ-

176 2804 260 2866 χρου
283 2780 453 2867 έκρυείσης
476 2784 548 2847 τότε
571 2789 711 2848 ταθείσα
733 2785 861 2865 κινήσει
884 2783 921 2847 τὸ
944 2785 1113 2847 πλινθίον.

131 2888 162 2954 X
239 2885 294 2964 Ὡς
317 2885 354 2952 δὲ
378 2889 429 2954 ύεί
447 2891 525 2965 τοὺς
543 2899 632 2974 τρεῖς
649 2891 789 2976 τροχοὺς
807 2891 1064 2974 μετεωρίζεσθαί
1079 2912 1114 2954 τε
1133 2888 1188 2955 καὶ
1203 2907 1230 2949 25

176 3001 417 3061 ταπεινοῦσθαι
441 2992 594 3078 ἐναλλάξ,
616 3004 682 3060 νῦν
705 2994 853 3080 ἐροῦμεν.

234 3100 406 3166 Ἔστωσαν
434 3102 466 3167 οἱ
494 3099 661 3187 εἰρημένοι
689 3100 801 3186 τροχοὶ
829 3111 917 3189 τρεῖς
947 3103 979 3166 οἱ
1008 3106 1087 3186 ΑΒ,
1113 3106 1189 3188 ΓΛ,

177 3213 255 3292 ΕΖ,
278 3217 345 3273 τῶν
369 3204 406 3273 δὲ
424 3210 505 3290 AB,
531 3210 595 3272 ΓΔ
618 3205 706 3284 άξων
729 3208 746 3273 ὁ
766 3211 805 3272 Η
807 3212 843 3272 Θ.
881 3209 1029 3295 φανερὸν
1053 3204 1115 3273 οὖν
1138 3209 1189 3274 ὅτι

178 3316 210 3378 οί
236 3315 319 3400 πρὸς
346 3325 415 3390 τοῖς
443 3317 492 3397 Η,
518 3317 546 3378 Θ
572 3315 739 3390 κνύύακες
767 3313 1007 3401 ένηρμοσμένοι
1033 3313 1118 3380 εἰσὶν
1141 3321 1189 3393 είς

250 3477 263 3523 1
279 3471 328 3524 καί
342 3470 396 3524 del.
406 3469 579 3524 Brinkmann
639 3477 655 3524 2
670 3474 849 3541 πορευθῆναι
863 3485 889 3540 ε,
904 3470 1017 3526 correxi.
1051 3471 1187 3540 ef.368‚5.

33 3608 55 3615 ἀ
178 3547 278 3609 358,13
312 3540 355 3595 ίί.
367 3537 412 3594 ἐπί
422 3550 471 3595 τοῦ
480 3541 774 3611 παραλληλογράμμου.
790 3540 946 3611 cf.p.362‚4
978 3542 1093 3616 8<καί>
1101 3544 1190 3612 μονὰς
