2596 3886
160 131 225 196 258
278 133 428 186 ΗΡΩΝΟΣ
446 129 713 192 ΑΛΕΞΑΝΔΡΕΩΣ
731 132 1000 186 ΠΝΕΤΜΔΤΙΚΩΝ
1017 135 1048 186 B.

159 295 216 359 διὰ
243 303 303 359 τοῦ
331 295 579 380 διαφράγματος
606 295 716 377 σωλήν
736 275 765 360 6¹
782 298 850 359 ΘΚ
869 293 1039 380 ὑπερέχων
1062 295 1109 370 είς
1131 296 1168 360 τὸ

160 402 227 465 άνω
256 410 316 466 τοῦ
344 401 592 487 διαφράγματος
620 403 761 466 ἔλασσον
787 400 807 484 ή
835 401 853 466 6
881 403 1055 487 πρότερος,
1084 399 1169 486 ἐσχι-

161 507 278 592 σμένος
305 508 352 583 είς
380 508 442 573 δύο
469 509 633 594 κρουνοὺς
662 509 740 584 τοὺς
764 512 809 591 A,
836 511 887 572 Μ·
915 505 970 572 καὶ
998 507 1103 593 τούτῳ
1131 503 1169 572 δὲ

157 617 357 701 περικείσθω
390 613 500 701 ἔτερος
532 615 643 697 σωλήν
674 613 804 699 ἀπέχων
833 623 893 680 τοῦ
920 615 1169 699 διαφράγματος

106 737 145 778 ειο
159 722 274 807 βραχύ.
320 720 416 806 ἐχέτω
442 721 446 805 Ι
471 718 509 786 δὲ
531 722 568 786 τὸ
592 721 727 805 ἀγγεῖον
748 720 803 786 καὶ
826 721 891 786 ὑπὸ
914 722 952 786 τὸ
975 721 1198 806 διάφραγμασ

158 828 314 910 διαύγιον
332 829 369 893 τὸ
388 832 430 892 Ν.
473 827 532 894 ἐάν
549 823 612 894 οὖν
629 831 889 912 καταλαβόμενοι
907 829 986 904 τοὺς
1003 829 1169 913 κρουνοὺς

158 931 321 1017 ἐγχέωμευ
351 935 411 999 τὸν
442 928 551 1017 οἶνον,
583 937 723 1019 χωρήσει
756 936 802 1010 είς
833 935 871 998 τὸ
898 934 997 1009 κύτος
1024 933 1081 997 διὰ
1107 941 1167 997 τοῦ

160 1043 232 1104 ΖΗ
250 1045 412 1124 σωλήνος·
440 1040 457 1105 6
481 1042 545 1125 γὰρ
568 1039 631 1127 ἀήρ
655 1039 832 1126 ἑκχωρήσει
855 1041 912 1104 διά
934 1049 995 1105 τοῦ
1017 1042 1056 1102 Ν
1075 1041 1169 1104 διαυ-

158 1149 248 1229 γίου·
272 1146 330 1212 ἐὰν
353 1144 391 1212 δὲ
413 1150 672 1231 καταλαβόμενοι
695 1148 732 1212 τὸ
756 1148 911 1230 διαυγιον
934 1146 1070 1231 ἀφῶμεν
1089 1147 1168 1220 τοὺς

157 1252 333 1338 κρουνούς,
356 1252 391 1318 ἐκ
414 1249 475 1337 μὲν
497 1264 564 1318 τῶν
583 1258 624 1336 A,
647 1257 691 1318 Μ
704 1253 859 1340 ῥυήσεται
877 1253 914 1318 τὸ
934 1247 1168 1337 ἐναπολήφθὲν
1183 1272 1210 1312 10

145 1358 196 1425 ’ἐν
227 1367 273 1446 τῷ
303 1363 371 1423 ΘΚ
401 1365 525 1442 σωλήνι
556 1361 677 1446 ὑγρόν,
710 1359 746 1426 ἐκ
778 1357 815 1425 δὲ
846 1369 906 1425 τοῦ
935 1363 967 1425 Γ
992 1360 1030 1424 τὸ
1059 1358 1095 1423 ἐν
1122 1367 1167 1446 τῷ
1291 1349 1292 1352 “

157 1467 248 1531 κύτει
284 1465 398 1552 ὑγρόν.
453 1465 511 1532 ἐάν
548 1462 610 1532 οὖν
647 1465 780 1552 ῥέοντος
812 1476 872 1532 τοῦ
905 1469 937 1531 Γ
965 1464 1168 1551 ἑπεγχίωμεν

157 1572 289 1637 κύαθον
315 1571 437 1648 ὕδατος
464 1570 519 1638 ἐπὶ
546 1572 583 1637 τὸ
608 1573 815 1658 διάφραγμα,
843 1569 953 1637 οὐκέτι
976 1571 1039 1650 ἔξει
1063 1572 1080 1637 6
1104 1570 1167 1657 άήρ

157 1682 408 1764 παρεισπίπτειν
437 1680 494 1744 διὰ
520 1689 581 1744 τοῦ
610 1682 682 1743 ΖΗ
705 1684 866 1760 σωλήνος,
898 1677 981 1743 ἀλλὰ
1009 1678 1168 1742 παύσεται

158 1785 175 1850 6
200 1788 232 1850 Γ
250 1785 392 1870 κρουνὸς
415 1783 509 1869 ῥέων.
554 1784 612 1850 ἐάν
635 1781 673 1849 δὲ
695 1783 810 1871 ἕτερον
832 1783 1046 1868 ἐπεγχέωμεν,
1071 1784 1168 1869 ὑπερ·
1182 1802 1208 1843 15

158 1891 273 1975 βλάσει
304 1891 364 1956 τὸν
394 1894 461 1955 ΘΚ
490 1896 623 1974 σωλήνα
653 1889 709 1955 καὶ
741 1887 784 1954 δι’
821 1889 925 1955 αὐτοῦ
957 1889 1168 1975 ἑνεχθήσεται

159 1999 210 2074 εἰς’
238 1999 316 2074 τοὺς
344 2001 389 2080 A,
421 2000 465 2061 Μ
491 1997 669 2083 κρουνούς,
701 1995 756 2062 καὶ
783 1997 863 2061 ὅλον
891 1995 1103 2063 ἐπισπάσεται
1130 1999 1167 2063 τὸ

225 2175 246 2222 a
269 2164 341 2238 258,
357 2163 531 2237 3-260,3
559 2160 610 2222 καὶ
636 2161 729 2246 τούτῳ
827 2160 897 2232 τοὺς
919 2162 1056 2233 κυάθους
1078 2188 1120 2210 =
1144 2157 1167 2221 b

160 2253 480 2329 258‚19-260,22:
507 2248 558 2310 καί
579 2251 672 2334 τούτῳ
696 2247 727 2310 δὲ
749 2250 927 2331 περικείσθω
950 2248 1046 2330 ἕτερος
1069 2249 1167 2328 σωλήν

158 2337 227 2400 ὡσεὶ
252 2338 373 2411 πνικτὸς
400 2338 542 2419 διαβήτης
570 2335 697 2416 [οίουεί].
742 2337 826 2419 ἐχέτω
854 2335 885 2398 δὲ
910 2338 942 2399 τὸ
965 2336 1083 2419 ἀγγείου
1105 2338 1164 2400 ὑπὸ
1179 2354 1207 2394 2⁰

158 2426 190 2488 τὸ
218 2427 389 2509 διάφραγμα
411 2427 460 2488 καί
483 2428 618 2508 διαύγιον
640 2427 673 2489 τδ
697 2430 735 2487 Ν.
781 2426 833 2488 ἐάν
856 2417 912 2489 οὖν
935 2427 1166 2507 καταλαβόμενοι

158 2515 228 2588 τοὺς
255 2517 402 2597 κρουνοὺς
430 2513 570 2597 ἐγχέωμεν
598 2515 649 2577 τὸν
678 2509 776 2595 οἶνον,
803 2514 926 2598 χωρήσει
953 2517 995 2589 εἰς
1022 2515 1055 2577 τὸ
1078 2517 1167 2589 κύτος

158 2613 211 2666 τοῦ
239 2602 357 2686 ἀγγείου
386 2604 435 2666 διὰ
461 2615 514 2666 τοῦ
537 2607 599 2664 ΗΖ
627 2611 771 2685 σωλήνος·
800 2603 815 2666 6
844 2605 899 2686 γὰρ
927 2603 984 2687 ἀήρ
1011 2603 1168 2686 ἕκχωρήσει

160 2692 209 2753 διὰ
241 2702 293 2754 τοῦ
322 2696 357 2753 Ν
385 2694 534 2774 διαυγίου·
568 2692 620 2755 ἐὰν
653 2692 684 2755 δὲ
714 2694 944 2774 καταλαβόμενοι
971 2693 1003 2756 τὸ
1031 2695 1167 2776 διαύγιον

159 2779 281 2860 ἀφῶμεν
310 2781 379 2855 τοὺς
406 2784 568 2864 κρουνούς,
599 2781 632 2843 ἐκ
660 2780 714 2863 μὲν
740 2792 801 2844 τῶν
827 2788 873 2862 A,
905 2787 948 2843 Μ
971 2783 1108 2864 ρυήσεται
1135 2784 1166 2846 τὸ
1180 2796 1207 2838 25

159 2867 376 2948 ἕναπολειφθὲν
399 2869 431 2932 ἒν
453 2877 493 2956 τῷ
514 2874 574 2933 ΘΚ
596 2877 707 2951 σωλήνι
729 2871 831 2954 ὑγρόν,
854 2871 886 2934 ἐκ
910 2869 942 2933 δὲ
965 2881 1017 2934 τοῦ
1035 2877 1065 2932 Γ
1083 2871 1115 2933 τὸ
1134 2872 1167 2933 ἐν

158 2964 198 3044 τῷ
235 2960 316 3020 κύτει
352 2959 450 3040 ὑγρόν.
506 2959 559 3022 ἐὰν
595 2951 652 3022 οὖν
689 2959 806 3042 ῥέοντος
842 2971 895 3023 τοῦ
927 2965 956 3021 Γ
988 2959 1167 3042 ἐπεγχὲωμευ

158 3049 277 3110 κύαθον
313 3048 420 3121 ὕδατος
455 3046 504 3111 ἐπὶ
538 3049 571 3110 ιδ
608 3050 793 3131 διάφραγμα,
829 3048 925 3112 οὐκέτι
961 3047 1017 3123 ἕξει
1055 3047 1070 3110 6
1107 3048 1166 3128 ἀήρ

159 3137 352 3218 παρείσδυσιν
375 3136 424 3198 διὰ
446 3147 498 3199 τοῦ
522 3140 589 3198 ΖΗ
607 3143 748 3218 σωλήνος.
795 3138 840 3200 διὸ
863 3137 913 3199 καὶ
936 3139 1079 3199 παύσεται
1102 3135 1118 3198 6
1141 3142 1171 3198 Γ

158 3225 284 3308 κρουνὸς
307 3224 389 3307 ῥέων.
431 3224 483 3288 ἐὰν
506 3225 538 3287 δὲ
558 3226 608 3288 καί
626 3225 725 3309 ἕτερον
742 3229 861 3289 κύαθον
880 3225 1070 3308 ἕπεγχέωμεν,
1093 3225 1165 3287 ὥστε
1179 3240 1206 3280 ³⁰

159 3313 374 3397 δπερεκβλύσαι
403 3314 455 3376 τὸν
484 3317 545 3377 ΘΚ
576 3320 708 3395 σωλήνα,
740 3314 927 3397 ἒνεχθήσεται
953 3315 984 3376 τὸ
1013 3314 1094 3396 ὕδωρ
1124 3308 1163 3376 δι’

159 3404 251 3466 αὐτοῦ
278 3405 320 3477 είς
346 3404 415 3478 τοὺς
438 3409 484 3484 A,
511 3408 554 3464 Μ
572 3405 733 3485 κρουνούς,
759 3404 810 3465 καί
832 3403 901 3466 ὅλον
923 3403 1111 3466 ἐπισπάσεται
1133 3404 1165 3466 τὸ

160 3492 249 3574 ὕδωρ.
295 3487 356 3554 εἶτα
378 3491 477 3574 λαβὼν
500 3491 654 3570 ἀναπνοήν
678 3490 694 3553 6
715 3494 782 3551 ΖΗ
800 3492 897 3572 σωλήν
920 3493 1036 3573 ποιήσει
1058 3491 1166 3573 ὁμοίως
