2598 3886
151 145 215 210 116
269 147 419 198 ΗΡΩΝΟΣ
437 143 703 203 mmmmm:
722 146 993 200 ΠΝΕΤΜΑΤΙΚΩΝ
1010 150 1042 200 A.

150 311 409 392 καταλαβόμενοι
432 301 495 372 οὖν
517 309 557 372 τά
580 309 715 391 θιαύγια
736 308 843 373 πάντα
866 310 930 373 σὺν
952 318 1021 384 τοῖς
1039 308 1162 392 ἠθμοῖς
1280 345 1282 402 3

1279 265 1282 342 I

152 415 232 480 ὅταν
259 415 389 498 ἀνῶμεν
416 415 476 479 τὸν
503 419 547 478 Μ
568 417 728 500 κμοννόν,
756 414 796 480 οὐ
823 415 866 498 μη
896 414 1013 500 ῥεύση,
1037 413 1095 479 έάν
1117 416 1162 499 μη

151 521 189 586 ἓν
211 532 278 586 τῶν
301 523 463 603 θιανγίων
486 520 600 606 ἀνεθῇ.
645 521 700 586 καὶ
727 524 800 586 τότε
826 530 887 586 τοῦ
910 520 1006 608 ἀέρος
1027 526 1163 605 καρείσ-
1282 517 1283 580 ἶ

151 629 251 692 όνσιν
274 627 447 712 ἐσχηκότος
466 627 621 713 ῥυήσεται
639 628 676 691 τὸ
696 627 732 692 έν
750 626 858 713 έκείνη
876 637 915 713 τῇ
934 628 1025 714 χώρα
1042 628 1161 713 ὑγρόν·

150 733 421 818 καταληφθέντος
448 729 485 797 δὲ
511 743 572 798 τοῦ
599 735 755 816 θιαυγίον
781 732 837 798 καὶ
863 743 924 800 τοῦ
952 732 1065 820 ἑτέρον
1088 734 1163 799 ἀνε-
1190 753 1203 792 ⁵

151 841 270 917 θέντος
293 842 330 906 τὸ
353 839 433 905 αὐτὸ
458 842 666 923 συμβήσεται.

595 1121 714 1188 XXIII.

218 1266 292 1330 Δύο
329 1265 471 1348 ἀγγείων
507 1267 614 1330 ὄντων
651 1265 707 1330 ε’τιί
735 1290 826 1342 τινος
855 1267 981 1349 βάσεως
1013 1265 1066 1331 καὶ
1100 1277 1161 1332 τοῦ

152 1369 213 1457 μὲν
241 1370 314 1448 ἑνὸς
343 1373 490 1457 κλήρους
520 1374 614 1448 ὄντος
638 1379 748 1455 οἴνου,
778 1381 837 1438 τοῦ
861 1369 898 1437 δὲ
921 1371 1035 1458 ἑτέρου
1057 1374 1162 1459 ὑπάρ-

152 1502 269 1564 χοντος
297 1487 411 1561 κενοῦ,
444 1478 525 1544 ὅσον
554 1477 612 1543 έάν
644 1480 691 1553 εἰς
718 1480 756 1543 τὸ
782 1480 882 1543 κενὸν
908 1478 1043 1562 ἀγγεῖον
1069 1479 1161 1565 ὕδωρ
1177 1501 1203 1538 1⁰

153 1584 329 1670 έγχέωμεν,
356 1593 514 1660 τοσοῦτος
541 1584 559 1649 ὁ
587 1579 678 1660 οἶνος
706 1584 741 1649 έκ
768 1594 828 1650 τοῦ
857 1582 970 1670 ἑτέρου
994 1585 1161 1671 ῥνησεται·

36 1685 38 1688 ’
153 1692 422 1770 κατασκευάζεται
446 1686 483 1754 δὲ
506 1689 618 1765 οὕτως.

209 1797 316 1862 Ἔστω
349 1796 405 1861 ἐπί
433 1820 524 1872 τινος
556 1797 681 1879 βάσεεις
707 1805 764 1879 τῆς
791 1802 823 1860 Α
830 1801 859 1861 Β
887 1799 949 1863 δύο
979 1797 1095 1882 ἀγγεῖα
1121 1803 1162 1890 τά

154 1906 224 1988 ΓΔ,
247 1907 310 1968 ΕΖ
333 1901 604 1988 θιατεφραγμένα
627 1905 666 1967 τά
685 1906 802 1986 στόμια
820 1914 889 1979 τοῖς
905 1908 940 1968 Η
947 1909 985 1987 Θ,
1003 1908 1039 1969 Κ
1042 1908 1073 1968 Λ
1090 1907 1161 1969 θια-

219 2100 240 2147 a
265 2088 348 2144 1-6
376 2084 608 2164 καταλαβόμενοι
635 2132 686 2146 ...
714 2084 893 2164 συμβήσεται
911 2113 952 2136 =
972 2082 994 2146 b
1016 2090 1201 2146 16-21215

152 2174 381 2255 καταλαβόμενοι
408 2164 465 2236 οάν
492 2173 527 2234 τά
553 2173 672 2253 διαύγια
693 2174 790 2234 πάντα
812 2174 869 2234 σὺν
891 2180 954 2248 ταῖς
976 2173 1010 2235 έν
1031 2180 1071 2260 τῷ
1095 2176 1159 2235 δια-

154 2264 302 2345 φράγματι
325 2259 411 2336 ὀπαῖς
430 2261 501 2324 ὅταν
520 2260 636 2342 ἀνῶμεν
654 2260 706 2323 τὸν
724 2266 767 2322 Μ
781 2262 920 2343 κροννόν,
943 2262 980 2326 οὐ
998 2262 1039 2343 μὴ
1058 2264 1159 2349 ῥεάση,

153 2351 181 2411 εἰ
207 2350 247 2430 μὴ
266 2351 303 2411 ἓν
325 2360 383 2412 τῶν
406 2352 548 2432 ἀιανγίαν
571 2349 701 2430 ἀνεθείη.
747 2350 797 2412 καὶ
818 2350 881 2412 τότε
902 2361 956 2414 τοῦ
979 2350 1063 2434 ἀέρος
1085 2374 1159 2432 παρ-

109 2459 111 2464 ·
154 2439 286 2500 είσδυσιν
311 2438 464 2520 ἐσχηκότος
492 2439 630 2521 ρνήσεται
655 2439 688 2502 τὸ
715 2437 747 2502 ἕν
774 2439 872 2525 ἐκείνη
895 2450 930 2524 τῇ
953 2441 1032 2524 χώρᾳ
1054 2439 1158 2523 ὑγρόν·

153 2526 393 2607 καταληφθέντος
417 2525 449 2588 δέ
470 2538 524 2590 τοῦ
548 2528 685 2610 διαυγίον
707 2530 814 2591 τούτου
836 2528 886 2590 καὶ
904 2538 956 2591 τοῦ
974 2527 1073 2609 ἑτέρον
1091 2528 1158 2591 ἀνε-
1173 2545 1199 2584 2⁰

153 2613 260 2689 θέντος
283 2617 379 2698 ῥεύσει
400 2616 432 2678 τὸ
456 2614 488 2678 έν
510 2626 545 2701 τῇ
569 2614 650 2702 ἑτέρα
673 2617 751 2701 χώρᾳ
774 2616 873 2699 ὑγρόν.

225 2881 239 2928 1
263 2874 367 2945 ἠθμοῖς
389 2875 431 2930 M:
460 2874 554 2957 ἰθμοῖς
577 2891 595 2930 a
684 2882 700 2928 2
723 2872 808 2948 ᾅεόοη
831 2879 859 2946 (η
883 2893 917 2930 ex
940 2897 965 2932 ει
987 2879 1068 2946 corr.)
1091 2876 1158 2931 AG:

154 2942 263 3016 ὅεάσειν
281 2945 304 2997 Τ
376 2941 427 3001 ἐὰν
446 2946 556 3016 scnpsi:
575 2945 603 3001 εἰ
619 2962 638 3001 ε
710 2953 725 3000 5
744 2946 976 3016 καταληφθέντος
988 2947 1055 3002 Mb:
1075 2967 1161 3004 κατα-

154 3014 355 3086 λειφθέντοςο
432 3023 465 3071 10
486 3013 536 3072 ἐὰν
555 3016 622 3074 AG:
645 3017 681 3072 ἀν
700 3018 747 3073 Tb
830 3025 862 3072 11
881 3028 1011 3082 τοσοῦτος
1029 3019 1055 3073 Α
1077 3018 1161 3090 (inA

153 3126 229 3178 recte
248 3122 287 3177 sic
306 3123 449 3180 scribitur:
468 3104 576 3195 τοσοῦά)
594 3125 627 3181 b:
646 3133 760 3180 τοσοῦτο
775 3123 828 3178 GT
900 3131 934 3179 14
952 3131 1010 3188 τοῖς
1028 3127 1060 3181 b:
1079 3133 1161 3195 τῆςίι

226 3377 260 3426 10
282 3374 395 3444 ἀγγεῖον
418 3391 470 3429 om.
490 3374 537 3428 bh
616 3379 648 3426 11
673 3372 688 3427 ὁ
712 3374 802 3428 om.b
880 3378 913 3426 14
937 3373 1035 3444 ἔχοντα
1057 3373 1092 3428 τὰ
1115 3373 1161 3428 bh

192 3448 224 3496 17
248 3439 332 3516 όεόση
355 3448 382 3517 (η
402 3461 436 3500 ex
455 3465 480 3500 ει
497 3447 576 3514 corr.)
595 3445 631 3499 B:
655 3441 746 3513 ᾇεόσει
765 3442 813 3498 OP
909 3450 941 3498 19
961 3439 992 3499 ἐν
1072 3445 1161 3520 γόηᾳι

154 3514 233 3569 vm
306 3516 457 3571 τοιούτου
476 3516 567 3570 om.B

651 3741 693 3860 I
