2594 3892
142 177 206 241 172
260 179 409 232 ΗΡΩΝΟΣ
427 175 694 238 ΑΛΕΞΑΝΔΡΕΩΣ
711 178 980 233 ΠΝΕΤΜΑΤΙΚΩΝ
997 180 1029 232 Α.

141 349 186 428 τςῦ
210 341 444 425 διαφράγματι,
467 338 598 424 ἀπέχων
620 337 658 405 δέ
675 349 732 423 τής
751 339 866 424 στέγης
883 340 999 426 βραχύ.
1036 341 1093 404 διά
1111 336 1149 405 δέ

141 454 198 528 τῆς
221 444 335 529 στέγης
358 447 493 511 διώσθω
518 447 627 530 σωλήν
650 446 668 512 ὁ
687 450 726 510 Η
729 450 757 510 Θ
778 444 950 532 ὑπερέχων
967 443 1028 530 μὲν
1046 447 1093 523 εἰς
1111 447 1148 512 τὸ

142 553 210 617 ἀνω
240 550 338 638 μέρος
365 555 470 639 βραχὺ
497 551 553 618 καί
580 555 665 637 έχων
692 554 906 638 λουτηρίδιον
933 550 1150 637 ἐπικείμενον,

141 657 272 742 ἀπέχων
294 654 337 723 δὲ’
355 657 418 725 ἀπὸ
442 669 502 725 τοῦ
525 658 695 744 πυθμένος
718 669 778 724 τοῦ
799 658 935 741 ἀγγείου
953 660 1034 724 ὅσον
1052 659 1150 724 ὑδατι

141 765 333 851 διάρρυσιν,
361 764 665 849 συνεστεγνωμένος
687 762 725 830 δὲ
747 775 786 851 τή
810 764 907 850 στέγη
930 774 990 831 τοῦ
1014 765 1150 849 ἀγγείου
1178 787 1191 828 5

140 868 195 935 καὶ
214 878 259 958 τῷ
277 872 510 956 διαφράγματι.
540 870 650 956 ἕτερος
669 868 706 936 δέ
724 871 845 955 ὁμοίως
864 872 1000 937 διώσθω
1019 873 1075 936 διά
1093 881 1151 956 τής

88 995 123 1035 1⁹¹
141 975 257 1060 στέγης
284 976 302 1042 ὁ
326 980 445 1041 ΚΛΜ
469 976 600 1061 ἀπέχων
625 973 687 1061 μὲν
714 977 777 1043 ἀπὸ
804 987 864 1042 τοῦ
892 975 1151 1066 διαφράγμαῐτος

141 1084 259 1168 βραχύ,
282 1082 585 1168 σννεστεγνωμένος
604 1080 641 1149 δέ
659 1094 698 1170 τή
718 1083 814 1170 στέγη
833 1083 888 1149 καὶ
907 1084 1019 1170 φέρων
1037 1085 1099 1167 τήν
1117 1083 1150 1162 ἐξ

142 1189 246 1254 αὑτοῦ
275 1189 373 1275 ῥύσιν
398 1192 445 1266 είς
466 1190 504 1255 τὸ
528 1192 757 1274 ίουτηρίδιον,
785 1189 803 1255 ὃ
827 1192 867 1274 δή
891 1194 1081 1277 πρόσκειται
1104 1199 1149 1279 τῷ

142 1299 212 1361 ΗΘ
230 1302 353 1380 σωλήνι
372 1295 634 1383 συντετρημένον
652 1296 749 1385 αὐτῷ.
783 1298 1012 1383 πεπίηράσθω
1032 1292 1095 1363 οὑν
1112 1299 1150 1362 τὸ
1164 1320 1192 1359 ιο

142 1407 207 1468 ΑΔ
225 1402 360 1486 ἀγγεῖον
377 1403 484 1489 ὑγροῦ
503 1404 559 1468 διά
576 1427 667 1479 τινος
681 1403 763 1486 ὀπής
776 1413 835 1488 της
848 1407 893 1487 Ν,
911 1404 983 1486 ήτις
996 1405 1076 1487 μετά
1089 1405 1150 1487 τήν

141 1511 277 1593 ἔγχυσιν
301 1509 524 1592 έστεγνώσθω.
561 1508 620 1574 έάν
642 1505 704 1574 οὖν
727 1509 890 1594 έγχέωμεν
912 1511 959 1586 εἰς
977 1511 1014 1575 τὸ
1033 1515 1151 1594 λουτη-

142 1615 253 1701 ρίδιον
278 1616 399 1702 ὑγρόν,
426 1618 567 1702 χωρήσει
595 1617 652 1681 διδ
678 1625 738 1682 τοῦ
766 1620 836 1681 ΗΘ
863 1622 1011 1700 σωλήνος
1039 1618 1085 1694 εἰς
1113 1619 1150 1682 τὸ

141 1724 210 1786 ΒΓ
230 1721 381 1805 ἀγγεῖον,
408 1731 468 1787 τοῦ
496 1721 533 1786 έν
560 1722 648 1810 αὐτῷ
677 1722 773 1808 ἀέρος
799 1732 987 1810 χωροῦντος
1010 1725 1066 1788 διά
1090 1732 1150 1789 τοῦ

141 1831 206 1891 ΕΖ
229 1834 387 1912 σωλήνος,
410 1827 446 1903 ὃς
464 1831 614 1914 χωρήσας
637 1831 684 1924 είς
701 1831 738 1894 τὸ
758 1834 827 1895 ΑΔ
845 1829 981 1912 ἀγγεῖον
999 1830 1151 1908 ένδίίψει
1164 1850 1192 1890 15

143 1971 232 2054 μένος
255 1979 295 2058 τῷ
319 1973 532 2054 διαφράγματι,
560 1972 675 2054 ἀπέχων
698 1973 729 2036 δὲ
753 1984 805 2054 τῆς
828 1974 929 2055 στέγης
952 1976 1055 2057 βραχύ.
1100 1975 1150 2037 διὰ

143 2059 176 2123 δὲ
203 2071 255 2142 τῆς
282 2061 384 2142 στέγης
412 2061 532 2123 διάσθω
559 2062 657 2141 σωλήν
681 2060 696 2124 ὁ
720 2066 784 2125 ΗΘ
806 2063 954 2144 ὑπερέχων
976 2063 1030 2144 μέν
1053 2065 1094 2137 είς
1116 2065 1149 2126 τὸ

143 2149 206 2212 ἀνω
233 2151 327 2232 βραχὺ
354 2150 404 2212 καί
431 2149 504 2230 έχων
531 2152 718 2232 λουτηρίδιον
743 2151 926 2232 ἐπικείμενον
948 2153 1007 2214 ὑπὸ
1029 2153 1062 2214 τὸ
1085 2152 1150 2215 στό-

144 2263 212 2319 μιον
235 2249 287 2301 τοῦ
310 2237 418 2319 ἀσκοῦ,
445 2235 481 2300 ὃν
503 2238 613 2320 κατέχει
637 2238 653 2301 ὑ
675 2242 873 2321 Σατυρίσκος,
899 2240 1014 2322 ἀπέχων
1038 2239 1069 2302 δέ
1092 2240 1149 2303 ἀπὸ

143 2338 196 2390 τοῦ
228 2327 383 2408 πυθμένος
414 2337 467 2389 τοῦ
498 2326 631 2409 ἀγγείου,
664 2329 734 2390 ὅσον
766 2331 851 2391 ὑδατι
883 2332 1037 2412 διάρρυσιν
1063 2325 1150 2410 εἶναι,
1165 2347 1192 2388 νο

144 2415 413 2497 σννεστεγνωμένος
437 2414 468 2477 δὲ
490 2426 525 2501 τῇ
547 2416 633 2503 στέγη
656 2427 709 2480 τοῦ
732 2417 851 2499 ἀγγείου
874 2419 924 2480 καὶ
945 2425 985 2504 τῷ
1005 2420 1150 2500 διαφράγ-

144 2528 219 2585 ματι.
265 2502 361 2586 έτερος
389 2503 420 2566 δὲ
448 2503 557 2585 δμοίως
585 2507 705 2568 διώσθω
732 2507 830 2586 σωλήν
857 2507 906 2570 διδι
933 2518 985 2587 τῆς
1008 2507 1110 2589 στέγης
1134 2506 1150 2568 δ

144 2597 209 2654 ΚΛ
214 2596 256 2653 Μ
266 2592 380 2674 ἀπέχων
395 2591 448 2673 μὲν
462 2592 519 2656 ἀπὸ
534 2605 586 2657 τοῦ
602 2595 820 2676 διαφράγματος
834 2598 939 2678 βραχύ,
955 2615 1150 2677 σννεστεγνω-

144 2679 232 2761 μένος
256 2680 287 2743 δὲ
309 2692 345 2768 τῇ
368 2681 452 2768 στέγη
475 2681 525 2743 καί
548 2681 647 2764 φέρων
669 2684 724 2763 τήν
747 2683 777 2759 έξ
800 2683 907 2748 ἑαυτοῦ
930 2686 1016 2767 ῥύσιν
1038 2686 1081 2758 είς
1099 2684 1150 2747 τὸν

144 2768 246 2849 ἀσκόν,
268 2763 304 2832 οὑ
322 2770 354 2833 τὸ
374 2771 494 2851 στόμιον
512 2772 554 2845 εἰς
572 2771 604 2834 τδ
622 2774 810 2853 λοντηρίδιον
829 2773 992 2856 εἰσέρχεται,
1014 2774 1149 2855 καθάπερ
1164 2790 1192 2830 25

145 2859 273 2938 εἴπομεν.
314 2860 427 2922 τούτων
450 2861 526 2922 οὑτω
549 2861 823 2941 κατεσκευασμένων
844 2864 1048 2944 πεπίηρώσθω
1071 2872 1150 2944 προῦ-

144 2971 196 3009 τον
218 2947 251 3010 τδ
269 2952 332 3008 ΑΔ
354 2948 472 3029 ἀγγεῖον
494 2949 587 3031 ὑγροῦ
611 2951 661 3011 διά
678 2973 758 3023 τινος
777 2949 852 3032 ἀπῆς
870 2961 923 3031 τής
941 2949 975 3032 Ξ,
997 2952 1061 3031 ἥτις
1079 2951 1150 3031 μετὰ

143 3037 199 3116 τήν
226 3036 342 3118 ἔγχυσιν
366 3036 564 3119 έστεγνάσθω.
610 3037 662 3100 έάν
685 3031 741 3102 οὑν
763 3038 904 3120 έγχέωμεν
927 3041 968 3113 είς
990 3039 1022 3102 τὸ
1045 3045 1150 3118 λουτη-

144 3126 240 3206 ρίδιον
272 3125 379 3208 ὑγρόν,
410 3127 534 3208 χωρήσει
561 3127 610 3188 διὰ
637 3138 690 3191 τοῦ
717 3131 782 3190 ΗΘ
808 3134 940 3210 σωλῆνας
967 3130 1009 3202 είς
1036 3129 1068 3190 τὸ
1095 3133 1149 3190 ΓΒ

144 3213 272 3297 ἀγγεῖον,
294 3224 347 3276 τοῦ
371 3214 403 3277 έν
421 3215 501 3300 αὐτῷ
520 3213 605 3297 ἀέρος
623 3215 820 3298 έκχωροῦντος
839 3217 888 3278 διά
906 3228 959 3281 τοῦ
978 3221 1035 3278 ΕΖ
1054 3222 1149 3298 σωλῆ-
1163 3233 1191 3273 οο

144 3327 210 3383 νος,
238 3299 272 3376 ὃς
300 3303 433 3385 χωρήσας
456 3306 498 3378 είς
520 3304 552 3366 τὸ
575 3308 638 3365 ΑΔ
660 3303 777 3388 ἀγγεῖον
799 3305 937 3385 έκθλίψει
959 3306 991 3368 τὸ
1014 3305 1047 3368 έν
1070 3305 1149 3390 αὑτῷ

215 3462 282 3529 θεῷ
296 3456 445 3513 ΑΘιτὸΤ
508 3457 608 3541 ὁμοίως
621 3455 728 3529 AGT,:
744 3473 796 3512 om.
806 3457 840 3530 Τ,
906 3460 1023 3514 θαῦτοῦ
1038 3457 1149 3528 scripsi:

144 3545 268 3600 αῦτοῦε
340 3545 675 3618 11ῦΑτω3.Τ;ζΑ,(ἀ
747 3551 779 3600 15
798 3545 958 3617 χωρήσειΤ
