2604 3908
153 205 220 270 412
256 207 406 261 amon
423 204 625 267 ΔΛΕΞΑΝΔΡ.
641 209 728 260 ΠΕΡΙ
746 205 1166 260 ΔΊὝΟΜΑΤΟΠΟΙΗΤΈΚΗΣ.

155 369 238 435 αὐτὰ
265 370 500 453 οίκονομεῖται,
532 370 683 454 καθάπερ
709 367 765 434 καί
793 366 846 434 έπί
873 380 940 434 τῶν
966 368 1167 449 ὑπαγόντων

154 474 378 560 ἀπεδείξαμεν.

47 583 141 650 XXII
223 584 265 647 Οἱ
288 578 350 665 μέν
372 577 435 648 οὖν
457 581 589 670 ἀρχαῖοι
612 581 786 668 κέχρηνται
810 581 895 668 ἀπλῇ
915 605 981 646 τινι
1001 578 1166 645 διαθέσει·

152 687 369 775 ἀνοιχθέντος
390 691 455 774 γὰρ
476 698 537 755 τοῦ
554 693 704 772 πίνακος,
727 688 880 772 ἐφαίνετο
900 687 937 753 ἐν
955 687 1044 775 αὐτῷ
1062 689 1166 773 πρόσ-

152 817 245 860 ωπον
257 793 494 879 γεγραμμένον.
516 803 616 859 τοῦτο
629 791 668 859 δέ
678 796 757 870 τοὺς
767 793 1166 879 όφθαλμούςέκίνεικαμ-
1197 811 1213 852 5

151 901 239 984 μύον
261 923 296 965 τε
318 898 373 964 καί
396 898 586 983 ἀναβλέπον
607 901 774 976 πολλάκις.
797 899 878 964 ὅταν
901 895 938 964 δὲ
960 900 1062 965 πάλιν
1079 905 1166 966 κλει-

153 1004 247 1083 σθεὶς
265 1005 407 1092 ἀνοιχθῇ
427 1005 445 1072 δ
459 1005 568 1090 πίναξ,
586 1007 624 1071 τδ
638 1003 699 1091 μέν
711 1008 892 1090 πρόσωπον
906 1003 1015 1070 ούκέτι
1030 1003 1172 1091 έωράτο,Ι

117 1125 135 1180 2
153 1111 253 1200 ζῴδια
271 1110 309 1178 δὲ
328 1112 536 1200 γεγραμμένα
550 1116 584 1190 ές
597 1137 672 1178 τινα
685 1119 799 1199 μῦθον
814 1110 1079 1195 διεσκευασμένα.
1109 1109 1165 1176 καὶ

151 1219 254 1286 πάλιν
277 1220 357 1285 ὅταν
374 1218 542 1297 κλεισθείς
560 1219 714 1306 ἀνοιχθῇ,
737 1205 890 1296 διάθεσις
908 1221 991 1302 ἀλλη
1011 1217 1165 1303 ἐφαίνετο
1259 1247 1260 1250 “

152 1326 279 1415 ζῳδίων
315 1332 616 1412 συναυαπληροῦσα
651 1329 730 1403 τοὺς
765 1323 1002 1409 ὑποκειμένους
1033 1325 1166 1408 μύθους
1179 1343 1209 1383 1⁰

131 1509 134 1518 A
152 1435 230 1510 τοὺς
250 1431 331 1518 ἑξῆς,
349 1435 433 1500 ὥστε
450 1443 539 1519 τρεῖς
556 1436 662 1517 μόνον
679 1435 826 1516 κινήσεις
839 1432 1024 1518 διαφόρους
1038 1429 1091 1497 ἐπὶ
1105 1441 1168 1497 τοῦ

152 1545 291 1618 πίνακος
312 1545 478 1624 γίνεσθαι,
501 1543 581 1624 μίαν
603 1535 665 1624 μέν
682 1551 750 1605 τῶν
767 1546 896 1624 θυρῶν,
920 1541 1025 1623 ἀλλην
1043 1536 1080 1604 δὲ
1098 1550 1166 1605 τῶν

153 1648 318 1733 ὀμμάτων,
336 1648 397 1731 τὴν
415 1650 531 1734 τρίτην
547 1658 615 1712 τῶν
633 1645 931 1712 έπικαλυπτόντων.
977 1647 1009 1711 οῖ
1028 1643 1065 1711 δὲ
1083 1653 1160 1712 καθ’

152 1753 237 1838 ἡμᾶς
254 1754 386 1839 μύθους
403 1777 439 1819 τε
454 1752 693 1838 ἐμβεβλήκασιν
707 1754 755 1830 είς
768 1754 847 1829 τούς
860 1755 1000 1829 πίνακας
1014 1751 1165 1830 ἀστείους

117 1858 207 1926 λκαί
234 1862 383 1943 κινησεσι
409 1859 584 1945 κέχρηνται
611 1864 749 1935 πολλαῖς
771 1856 826 1924 καί
850 1857 1030 1942 ἀυομοίαις.
1074 1861 1164 1925 καθά
1178 1875 1205 1916 1⁵

155 1963 192 2032 δὲ
218 1965 437 2058 προεθέμην,
453 1964 517 2052 ἐρῶ
543 1964 619 2053 περὶ
634 1963 719 2042 ’ἑνὸς
740 1969 879 2042 πίνακος
901 1974 961 2030 τοῦ
985 1967 1165 2042 δοκοῦντές

153 2097 210 2158 μοι
241 2077 437 2159 κρείττονος.
487 2079 596 2157 μῦθος
627 2069 689 2156 μὲν
721 2067 763 2156 ἦν
789 2071 985 2156 τεταγμένος
1013 2071 1049 2137 έν
1077 2071 1166 2160 αὐτῷ

155 2179 172 2246 ὁ
195 2182 277 2245 κατά
299 2180 359 2245 τὸν
377 2180 562 2245 Ναύπλιον.
603 2181 644 2244 τά
663 2175 700 2244 δὲ
717 2181 799 2244 κατά
817 2178 916 2266 μέρος
940 2175 1028 2264 εἶχεν
1047 2177 1165 2256 ούτως·

154 2286 370 2373 ἀνοιχθέντος
410 2285 447 2351 έν
483 2285 566 2372 ἀρχῇ
603 2294 663 2351 τοῦ
702 2289 841 2362 πίνακος
877 2285 1030 2371 ἐφαίνετο
1067 2283 1167 2374 ζῴδια

153 2393 362 2480 γεγραμμένα
394 2394 535 2459 δώδεκα·
566 2401 670 2457 ταῦτα
702 2389 739 2458 δὲ
770 2388 814 2476 ἦν
845 2393 892 2469 είς
918 2403 1006 2480 τρεῖς
1033 2397 1167 2478 στίχους
1180 2412 1206 2454 ιο
1293 2388 1296 2394 ’

155 2499 349 2586 διηρημέυα·
381 2495 466 2583 ἦσαν
498 2496 535 2565 δὲ
565 2493 658 2564 οὗτοι
685 2497 901 2583 πεποιημένοι
928 2511 995 2564 τῶν
1021 2505 1168 2565 Δαναῶν

154 2629 242 2682 τινες
278 2605 544 2686 ἐπισκευάζοντες
579 2607 637 2683 τάς
671 2615 754 2682 ναῦς
794 2604 849 2670 καί
890 2607 1060 2690 γινόμενοι
1091 2605 1167 2691 περὶ

119 2716 333 2796 λκαθολκην.
383 2712 522 2778 ἐκινεῖτο
551 2709 590 2777 δὲ
617 2721 719 2778 ταῦτα
746 2714 786 2778 τά
814 2710 913 2801 ζῴδια
939 2714 979 2777 τά
1006 2709 1067 2796 μέν
1093 2717 1167 2800 πρί-

155 2823 262 2903 ζοντα,
285 2821 325 2884 τά
349 2817 385 2885 δὲ
406 2818 578 2884 πελέκεσιν
601 2819 810 2905 ἐργαζόμενα,
833 2821 874 2885 τά
895 2815 932 2884 δέ
951 2820 1105 2906 σφύραις,
1128 2822 1167 2886 τά

155 2923 192 2992 δὲ
216 2925 307 3011 ἀρίσι
329 2924 384 2992 καὶ
407 2927 588 3012 τρυπάνοις
610 2927 762 3013 χρώμενα
784 2925 882 3010 <καὶ>
900 2928 1014 3010 ψόφου
1032 2925 1168 2992 ἐποίουν
1181 2945 1206 2985 2⁵

227 3162 251 3210 6.
270 3155 289 3210 f.
304 3154 350 3210 ὅτε
427 3154 480 3209 ῖί.
495 3155 645 3224 ἀνοιχθείη
723 3153 799 3216 8είς
816 3155 924 3210 Monac.
939 3161 1000 3224 431,
1019 3154 1167 3224 Axgontor.

42 3258 45 3263 -
156 3227 254 3282 cmo
336 3223 450 3282 θάδτε
530 3225 550 3279 f.
569 3226 719 3295 ἀνοιχθείη
792 3221 924 3294 ἐφαίνετο
938 3226 980 3280 M:
1000 3221 1168 3296 έφαίνητοα

193 3305 225 3352 11
245 3298 309 3360 τούς
326 3296 404 3352 Leid.
419 3295 521 3367 scalig.
537 3300 585 3351 45:
604 3303 694 3358 τοῖςα
764 3301 799 3350 12
818 3300 933 3365 θυρσῶν
951 3296 987 3352 T:
1006 3296 1121 3365 θύρσων
1139 3297 1168 3350 Μ

193 3375 225 3424 18
240 3370 335 3438 τρίτην
346 3368 420 3442 (ab)
431 3369 513 3437 Prou,
531 3367 551 3423 f.
565 3366 640 3440 <δδ>
654 3369 749 3437 τρίτην
762 3369 796 3422 tr.
871 3373 904 3420 14
919 3363 1167 3441 έμβεβλήκααινῦε

157 3437 342 3514 έμβεβλήκασι
360 3438 412 3493 ΔΤ
512 3444 545 3492 16
570 3437 607 3491 εδ
629 3439 777 3509 ἀνομοίαις
800 3437 833 3493 of.
852 3438 919 3494 Lob.
944 3439 1049 3510 Ρίικγνι.
1065 3444 1116 3492 106
1140 3440 1169 3492 οδ

157 3511 325 3578 Ραναίίμουι.
353 3528 447 3566 ramm.
458 3527 545 3580 μεαεε,
556 3527 583 3579 p.
594 3513 646 3562 468
719 3516 752 3562 22
770 3528 844 3571 τινες
861 3508 928 3564 AG:
947 3508 1062 3572 τιναςΤ
1135 3513 1167 3564 23

157 3580 303 3647 καθολκήν
345 3596 410 3635 εεεε
429 3583 458 3634 et
470 3580 544 3634 Prou
561 3582 715 3651 praeeunte
728 3578 829 3634 Baldio
848 3580 942 3650 (‘come
957 3582 1118 3636 ε’ῖιαυιεεενο
1131 3581 1169 3635 da
