2608 3880
506 187 790 242 ANMRRKUNGEN.
1053 184 1154 238 XLVII

140 356 171 414 et
194 353 285 412 simul
307 371 375 411 cum
398 372 433 412 eo
451 355 630 430 perforatus,
652 373 707 429 per
727 371 816 429 quem
835 353 1015 429 ellychnium
1033 351 1153 413 influat:

140 443 195 502 sub
208 442 404 519 diefiugmate
414 462 484 502 vero
494 442 570 500 EF·
580 441 803 520 conglutinetur
812 442 958 501 clavicula
967 443 1008 500 R·
1018 442 1153 501 deferens

140 531 173 590 in
189 532 289 590 locum
302 524 475 609 AEF131),
493 531 526 588 in
543 531 643 607 ipsum
658 523 817 613 ODEW)
837 533 980 606 transeat,
998 531 1038 590 sit
1053 534 1154 590 autem

139 621 172 678 iu
191 621 331 696 operculo
348 617 414 678 AB
433 639 561 696 parvum
579 621 712 679 foramen
731 620 768 694 Q·
786 640 840 697 per
859 620 939 696 quod
957 620 1056 679 locum
1074 617 1152 678 AB·

140 709 328 785 implebimus
352 729 443 785 aque:
467 709 585 768 sublato
608 709 713 785 itaque
737 701 915 786 ellychnio³)
936 709 1068 768 colatum
1086 709 1152 769 oleo
1233 751 1237 756 -

139 797 329 876 implebimus
344 817 397 873 per
405 797 548 856 tubulum
558 798 591 856 X
595 796 632 856 0·
643 816 710 856 aere
719 817 773 875 per
781 798 889 856 tubum
898 798 983 856 MN·
995 797 1152 857 excedente

141 890 171 946 et
194 887 291 946 adhuc
312 907 366 963 per
384 886 498 946 clavem
516 879 681 963 apertem4)
703 905 781 963 quae
800 890 845 946 est
862 888 895 945 in
912 887 1006 946 fundo
1026 886 1098 946 01)-
1122 888 1153 945 et

138 977 345 1053 perforamen
364 976 401 1050 Q·
419 976 533 1052 repleto
555 979 656 1035 autem
674 977 772 1035 caleto
792 977 857 1036 oleo
876 976 1152 1053 superimponemus

139 1064 281 1123 tubulum
300 1065 343 1123 X·
362 1082 430 1123 cum
450 1065 597 1141 ellychnio
617 1065 648 1123 et
666 1064 769 1124 clausa
787 1065 933 1126 clavicula
950 1066 1153 1141 perforamen

140 1154 177 1228 Q·
192 1171 303 1230 aquam
315 1153 504 1212 infundemus
518 1152 550 1211 in
563 1154 661 1214 locum
670 1151 816 1212 AEFB·
832 1153 952 1229 quando
966 1157 1068 1212 autem
1078 1172 1153 1230 opus

139 1242 233 1301 fuerit
256 1244 355 1302 oleum
377 1242 623 1318 superinfundere
642 1242 803 1318 ellychni03
827 1247 931 1319 aperta
948 1243 1096 1302 clavicula
1113 1243 1151 1301 R·

140 1350 221 1407 aqua
238 1330 270 1389 in
288 1332 386 1391 locum
399 1330 541 1390 EODF·
561 1331 666 1389 influet
684 1334 715 1390 et
733 1349 785 1389 aer
802 1351 856 1407 per
868 1331 953 1390 MN·
971 1330 1079 1389 tubum
1096 1331 1152 1389 im-

138 1421 244 1498 pulsus
260 1421 358 1480 oleum
372 1419 464 1478 elidet
476 1438 531 1495 per
543 1419 682 1478 tubulum
697 1418 770 1479 OX·
786 1419 824 1478 ad
837 1419 1026 1495 ellychnium,
1040 1423 1071 1477 et
1085 1437 1152 1477 cum

138 1529 199 1569 non
225 1527 298 1586 opus
320 1509 412 1567 fuerit
435 1508 562 1585 emplius
584 1508 688 1584 fluere,
712 1508 883 1567 claudemus
906 1507 1091 1568 claviculam.

206 1596 317 1667 Questo
336 1591 351 1656 ὲ
370 1600 483 1674 quanto
501 1615 556 1673 per
569 1598 643 1656 hora
656 1596 699 1655 mi
711 1617 767 1673 par
779 1599 867 1673 poter
880 1597 911 1656 di
924 1615 1057 1656 reeeorre
1072 1596 1150 1656 dalle

138 1687 242 1764 parole
270 1687 300 1745 di
322 1685 454 1761 Herone,
481 1705 564 1746 come
586 1686 625 1746 ho
648 1686 732 1746 detto
755 1686 786 1744 di
808 1705 897 1763 sopra
920 1686 999 1744 assei
1021 1686 1152 1761 confuse,

138 1779 170 1835 et
191 1776 210 1834 l’
225 1775 264 1835 ho
286 1775 405 1834 volsuto
427 1775 569 1833 mandare
593 1794 612 1834 a
629 1775 665 1833 V.
681 1773 710 1834 S.
726 1774 824 1852 ΟΨ,
847 1775 984 1835 accioche
1002 1775 1150 1836 avvertito

138 1864 189 1923 dal
222 1883 276 1924 suo
308 1863 402 1942 giud.⁰
433 1882 523 1940 possa
549 1882 605 1923 con
632 1863 711 1922 altra
738 1863 891 1925 occasione
919 1883 1044 1924 cavarne
1071 1864 1150 1923 forse

137 1953 259 2031 miglior
281 1955 440 2029 costrutto3
464 1953 608 2013 ancorche
630 1952 661 2012 la
683 1952 796 2012 fabrica
819 1953 966 2029 explicata
984 1953 1151 2029 essequisce

138 2045 252 2118 quanto
269 2045 417 2120 prometto
435 2041 466 2100 la
482 2044 633 2119 proposta
667 2060 722 2101 con
736 2041 789 2101 che
802 2041 972 2101 baciandoli
984 2045 1150 2102 reverente-

136 2133 237 2189 meute
255 2131 283 2189 le
300 2131 392 2207 mani,
409 2130 432 2188 li
450 2133 529 2190 resto
543 2129 734 2191 devotissim0
748 2131 898 2190 servitore.
930 2130 968 2190 N.
982 2129 1011 2188 S.
1026 2125 1150 2208 (Nostro

137 2211 278 2300 Signore)
300 2219 331 2278 la
353 2211 528 2301 prosperi5)

204 2309 245 2366 Di
271 2308 392 2369 Padova
419 2309 442 2366 li
466 2311 516 2367 11.
535 2309 566 2367 di
590 2306 727 2368 Gennaro
753 2309 848 2367 1594.

203 2397 244 2455 Di
265 2397 302 2456 V.
322 2396 350 2455 S.
372 2397 461 2457 (lh.nm

643 2485 730 2546 Ser.10
752 2485 892 2546 Pront.¹²¹⁰

825 2573 941 2634 Galileo
965 2572 1082 2633 Galilei.

205 2682 278 2757 268,
294 2681 564 2758 ωλι-269,
582 2681 703 2741 Anml
734 2681 800 2740 sind
828 2702 864 2738 zu
890 2681 998 2758 tilgen,
1030 2680 1069 2739 da
1096 2680 1148 2740 das

134 2771 259 2830 Wasser
285 2788 338 2829 aus
366 2770 419 2829 der
446 2771 554 2830 oberen
581 2770 722 2830 Kammer
747 2770 831 2829 nicht
858 2769 1011 2829 abflielscn
1037 2769 1148 2846 wurde,

134 2879 224 2919 weun
247 2859 299 2918 das
323 2859 473 2919 erwthnte
496 2859 578 2919 Loch
600 2859 787 2936 gesohlossen
811 2863 898 2919 wilre.

205 2949 375 3022 283‚15ff.
420 2949 482 3006 Der
513 2947 738 3007 Weiuautomat
769 2947 860 3007 1127
895 2947 978 3007 stellt
1009 2947 1071 3007 sich
1103 2947 1148 3006 als

134 3038 224 3098 einen
246 3037 534 3096 intermittierenden
556 3036 699 3095 Brunncn
721 3036 784 3096 dar.

137 3324 140 3332 .
209 3283 233 3345 1)
253 3278 381 3333 AEFB
396 3305 430 3325 =
445 3278 531 3349 αεζβ.
619 3278 646 3346 2)
666 3276 836 3332 ODEF=
851 3277 935 3346 pelet.

208 3350 236 3419 3)
253 3348 321 3403 Dies
343 3349 382 3403 iet
403 3348 457 3403 mit
474 3347 676 3403 Commundino
694 3347 786 3402 falech
803 3347 954 3403 ubersetzt.
990 3344 1055 3416 Vgl.
1074 3345 1147 3402 Abh.

132 3441 155 3477 z.
173 3419 273 3476 Gcech.
290 3420 315 3475 d.
330 3421 418 3475 Math.
433 3419 506 3489 vul,
521 3425 582 3489 206,
596 3420 677 3474 Anm.
692 3425 717 3474 4.

207 3495 235 3562 4)
252 3491 285 3545 In
304 3490 420 3546 Galileis
439 3491 525 3572 Figur
544 3489 734 3546 unecheinend
751 3489 832 3544 nicht
848 3488 1016 3544 vorhanden.

207 3565 235 3633 ὁ)
254 3563 335 3617 Nach
361 3562 551 3618 freundhchcr
574 3561 783 3633 Vergleiohung
804 3579 859 3617 von
881 3559 1004 3616 Antonio
1028 3558 1147 3616 corioni.
