2574 3918
135 159 203 224 434
239 161 389 214 Ηεοιιοε
407 159 609 220 mmm.
623 163 710 214 nm
728 161 1148 218 Αωνοιιενοιιοιιινικειε.

137 329 209 389 λείν
239 325 299 389 τὸν
330 325 454 410 χάρτην
485 323 560 411 περὶ
587 324 647 389 τὸν
674 326 799 388 κανόνα
825 322 1058 407 κεκλεισμένον
1085 333 1149 388 τοῦ

135 433 282 506 πίνακος.
328 433 439 511 [τοῦτο
463 428 500 496 δὲ
523 430 761 517 ἐπιστρέφεται,
785 428 846 506 ἕως
868 428 911 494 άν
933 428 1148 516 ἐπικαλυφθῂ

137 537 218 602 όλον
253 537 290 601 τὸ
328 539 451 621 ἔδαφος
480 547 540 602 τοῦ
572 541 710 614 πίνακος
741 546 786 625 τῷ
819 538 930 623 χάρτη.
985 539 1076 601 ἔσται
1108 533 1148 602 δέ

136 653 245 728 τοῦτο,
273 642 340 720 ἕως.
362 643 404 708 άν
427 641 479 708 έπλ
502 645 561 709 τὸν
584 653 643 710 τοῦ
668 643 782 730 ἑτέρου
804 646 944 721 κανόνος
967 646 1071 708 τόπον
1094 641 1147 726 ε’γ-

136 754 231 836 γίσης
250 800 301 815 ...
320 749 568 833 πεπληρωκέναι
586 774 621 815 τε
639 748 693 815 καὶ
712 750 827 833 οὕτως,
849 749 907 816 ε’άν
924 773 956 814 τι
974 751 1146 832 πλεονάζη,
1175 771 1191 812 5

101 855 356 941 5άποτέμνειν.]
402 858 453 921 δελ
475 852 513 921 δὲ
539 857 763 941 ὑποκολλησαι
786 857 851 923 ὑπὸ
874 857 936 939 την
958 855 1064 942 ἀρχὴν
1086 864 1147 920 τοῦ

136 965 260 1049 χάρτου
283 965 408 1027 κανόνα
431 964 563 1049 σφόδρα
582 965 702 1029 λεπτὸν
721 962 946 1049 εἰργασμένον.
983 964 1065 1027 ἔστω
1085 957 1149 1027 οὖν

136 1071 174 1134 τὸ
198 1065 371 1153 είλημένον
392 1071 481 1154 παρά
503 1071 564 1153 τὴν
586 1070 779 1155 παραστάδα
801 1067 1041 1156 κεκρυμμένον,
1064 1070 1148 1134 ὥστε

137 1173 348 1262 άνεφγμένου
379 1185 438 1240 τοῦ
475 1180 613 1253 πίνακος
647 1178 690 1261 μη
723 1176 876 1261 δρᾶσθαι.
927 1175 1052 1260 έναρτω
1085 1170 1148 1240 οὖν

85 1304 124 1344 ειο
139 1283 305 1367 σπάρτους
323 1283 441 1359 λεπτάς
458 1279 461 1370 λ
478 1284 525 1359 εἰς
543 1283 581 1347 τὸ
599 1287 758 1349 κανόνιον
771 1285 808 1348 τὸ
826 1284 909 1368 πρὸς
927 1293 965 1368 τῇ
985 1282 1068 1368 ἀρχῇ
1087 1291 1147 1347 τοῦ
1163 1305 1191 1344 ιο

137 1389 260 1475 χάρτου
282 1388 610 1474 προσκεκολλημένον
707 1390 859 1454 κάτωθεν
881 1391 970 1474 παρὰ
988 1390 1025 1454 τὸ
1043 1410 1148 1474 παρα-

138 1497 275 1561 στάδιον
297 1505 357 1561 τοῦ
379 1498 528 1578 πίνακος,
553 1496 656 1578 άλλην
678 1491 715 1561 δέ
733 1497 867 1560 άνωθεν
884 1497 973 1582 παρά
991 1497 1028 1560 τὸ
1047 1496 1148 1582 ὑπερ-

137 1603 262 1688 θύριον
289 1600 343 1667 καλ
372 1601 557 1686 ἀποδίδωμι
586 1602 633 1677 είς
660 1603 719 1667 τὸν
747 1603 849 1667 άλλον
876 1605 1001 1667 κανόνα
1028 1604 1087 1668 τὸν
1110 1602 1148 1669 έν

102 1718 207 1786 ότοῑς
234 1709 417 1794 εὐωνύμοις
442 1707 583 1795 μέρεσιν.
630 1708 754 1774 οὐκοῦν
778 1708 836 1774 ἐάν
858 1711 1066 1794 περιάγωμεν
1088 1711 1149 1775 τὸν

137 1818 273 1899 κανόνα,
288 1814 500 1881 ἐπισπάσεται
518 1817 575 1892 τάς
594 1817 774 1902 σπάρτους·
793 1815 1069 1899 έπειληθησονται
1083 1819 1147 1902 γάρ
1163 1838 1190 1878 15

138 1924 172 1988 αλ
196 1923 334 2008 σπάρτοι
358 1920 570 2007 έξηρτημέναι
591 1923 638 1999 εἰς
656 1922 717 2006 τὴν
736 1922 840 2008 άρχὴν
858 1932 918 1988 τοῦ
936 1924 1069 2009 χόρτον,
1092 1923 1148 1989 καὶ

138 2029 360 2113 ἀκολουθήσει
381 2029 398 2095 ὁ
422 2029 551 2114 χάρτης.
591 2027 823 2113 κεκλεισμένον
847 2024 909 2094 οὖν
931 2038 992 2094 τοῦ
1009 2033 1148 2106 πίνακος

138 2134 199 2212 ἕως
221 2136 382 2200 τοσούτου
406 2133 665 2220 έπιστρεφέσθω,
689 2133 750 2212 έως
772 2134 814 2200 άν
838 2135 1048 2222 ε’πικαλυφδῇ
1068 2135 1149 2201 όλον

137 2243 174 2307 τὸ
199 2242 322 2326 ἔδαφος
344 2249 389 2327 τῷ
413 2240 523 2326 χάρτη.
561 2243 652 2306 ἔσται
675 2238 712 2307 δὲ
735 2236 832 2318 οὗτος
850 2241 930 2328 άέρα
948 2239 1003 2306 καὶ
1021 2243 1148 2308 θάλασ-

138 2366 201 2414 σαν
219 2350 303 2432 ἔχων
321 2347 537 2433 γεγραμμένα.
569 2348 625 2412 ἵνα
643 2343 706 2413 οὖν
724 2347 907 2433 αὐτόματος
924 2347 1148 2436 παραγένηται
1163 2370 1191 2410 ιο

138 2455 156 2519 ό
188 2456 308 2541 χάρτης
339 2452 394 2519 καὶ
425 2463 483 2538 τῆς
513 2458 602 2530 λείας
629 2455 755 2541 βαρέως
782 2453 1009 2539 ἐπισπωμένης
1035 2467 1147 2540 ταχεῖα

137 2562 316 2647 παραγωγὴ
343 2564 474 2644 γίνηται
501 2561 584 2646 πρὸς
611 2562 647 2626 τὸ
671 2565 757 2627 πολὺ
779 2566 909 2646 πλῆθος
931 2569 998 2626 τῶν
1020 2567 1148 2628 πλοίων

137 2673 380 2752 παραπλεῦσαι,
403 2667 455 2731 δεῖ
477 2670 795 2754 προμηχανήσασθαι
817 2677 928 2733 ταῦτα.

210 2866 224 2912 1
252 2857 360 2913 κανόνα
388 2875 418 2914 a:
446 2859 534 2925 όξονα
561 2829 645 2927 Pron,
674 2860 723 2914 sed
751 2860 785 2914 cf.
804 2879 834 2984 φ
855 2865 916 2929 432,
936 2866 960 2916 6.
988 2866 1049 2930 434,
1067 2866 1091 2914 4.
1113 2866 1147 2914 13

174 2935 243 2984 2-6
262 2939 343 2985 τοῦτο
359 2929 583 3002 ...ἀποτέμνειν
598 2931 699 2986 seclusi
770 2930 934 3004 3.<οόκ>
948 2931 1025 2986 ἔσται
1096 2931 1145 2987 5f.

139 3001 206 3076 <δεῖ
222 3001 253 3057 δὲ
272 3001 303 3056 τό
321 3010 371 3057 τοῦ
389 3004 508 3065 πίνακος
523 3002 628 3072 ἔδαφος
641 3002 728 3072 μόνον
743 3001 793 3065 ἕως
806 3011 862 3058 τῶν
876 3003 1000 3058 ὀθονίων
1014 3012 1068 3058 τῶν
1083 3019 1147 3057 ουν-

139 3071 290 3143 ειλημένων
303 3082 353 3128 τοῦ
367 3071 479 3143 χάρτου,
494 3071 562 3129 όταν
576 3079 613 3146 τῷ
627 3072 727 3129 κανόνι
743 3069 881 3147 έγγίτης,>
890 3073 1103 3158 πεπληρωκέναι
1116 3092 1146 3130 σε

138 3180 187 3235 καὶ
197 3179 284 3242 οὕτως
293 3175 347 3236 κτὲ.
363 3180 397 3234 ef.
404 3199 431 3250 p.
441 3185 501 3248 432,
510 3186 551 3235 1⁷.
562 3186 594 3234 18
643 3187 659 3235 8
669 3179 836 3249 παραστάδα
845 3179 912 3236 AG:
927 3149 1147 3251 παραστάδῗόὲνΤ,

140 3271 183 3306 ιον
203 3267 287 3321 supra
305 3269 355 3306 scr.
371 3252 432 3306 ead.
447 3270 482 3307 m.
538 3249 728 3322 κεκρυμμένον
742 3253 784 3307 M:
803 3249 1009 3323 κεκρυμένονα
1080 3261 1096 3308 9
1116 3247 1147 3306 ἐν

139 3323 212 3393 άρτῶ
226 3321 293 3376 AT:
313 3322 343 3377 ἐν
362 3324 436 3377 αὐτῶ
451 3321 482 3392 (δι,
502 3339 536 3376 ex
550 3321 627 3377 Leid.
643 3323 744 3394 Βενδῖς.
755 3329 789 3377 45
809 3323 915 3378 correxi
988 3329 1019 3376 11
1040 3327 1058 3392 <
1061 3324 1147 3392 ἄλλην

139 3393 210 3465 μὲν)
228 3393 327 3448 inserit
343 3394 428 3448 Prou:
447 3393 466 3449 f.
482 3392 554 3467 (τὴν
569 3393 641 3519 mg
715 3400 748 3448 16
763 3389 946 3464 ἐξηρτημένοι
964 3393 1031 3450 edit.
1045 3395 1146 3449 Parias

140 3460 342 3534 ίξητημέναιιι
427 3469 460 3518 18
478 3473 593 3521 τοσοῦτο
708 3460 755 3520 έπλ
772 3474 886 3520 τοσοῦτο
904 3466 978 3521 P10u
1049 3465 1068 3521 f.
1088 3461 1147 3520 έπε-

64 3562 99 3571 -
139 3533 301 3604 ττρεφέσθω
321 3535 357 3607 <δ
377 3536 493 3608 κανὼν)
575 3542 607 3591 19
627 3531 756 3599 οὗτωςδι
838 3542 943 3592 19-20
961 3536 1146 3606 θαλάσσηςΤ
