2574 3918
157 126 225 192 494
394 130 559 182 vmauvn
575 131 626 181 nn
643 130 930 184 mcmraoruas.

157 290 313 354 versando
341 289 464 356 faciunt
491 291 622 356 effectus
649 291 883 375 varietatesque
910 291 1108 379 motionum,
1144 296 1190 360 in

157 396 275 481 quibus
298 401 468 461 moventur
491 396 611 482 sigilla,
639 399 808 461 vertuntur
830 400 947 482 metae,
975 397 1090 462 calculi
1118 408 1189 467 aut

60 523 106 578 aaa,
116 527 141 565 11
157 524 218 568 ova
240 503 450 589 proiciuntur,
471 503 606 568 bucinae
629 506 747 567 canunt
769 502 956 587 reliquaque
979 526 1127 592 parerga.

607 770 646 853 x,
663 769 712 834 12.

58 935 141 986 aare
221 911 406 998 Insequitur
432 933 517 976 nuno
544 913 583 975 de
612 911 807 977 Ctesibica
834 912 995 998 machina,
1022 936 1106 998 quae
1136 918 1179 982 in
1210 943 1225 983 a

153 1019 357 1084 altitudinem
379 1041 496 1103 aquam
519 1019 635 1103 educit,
657 1023 844 1083 monstrare.

218 1125 268 1191 Ea
290 1127 328 1190 fit
351 1147 390 1190 ex
418 1147 502 1210 aare,
534 1126 624 1191 cuius
657 1125 691 1189 in
723 1125 883 1190 reditibus
915 1126 1049 1191 modioli
1081 1127 1176 1196 fiunt

152 1233 281 1320 gemelli
311 1234 443 1319 paulum
474 1233 643 1318 distantes,
674 1233 829 1298 habentes
860 1233 986 1299 fistulas
1018 1235 1172 1302 furcillae

151 1341 256 1427 figura
278 1340 429 1406 similiter
450 1340 669 1424 cohaerentes,
692 1340 726 1404 in
752 1339 894 1404 medium
921 1341 1062 1406 catinum
1089 1363 1171 1407 con-

151 1452 322 1513 currentes.
368 1448 402 1512 in
430 1469 494 1532 quo
521 1447 627 1512 catino
655 1449 739 1512 fiunt
764 1469 851 1512 asses
879 1447 913 1511 in
943 1449 1168 1532 superioribus
1186 1476 1216 1516 ro

149 1555 282 1620 naribus
314 1555 495 1620 fistrdarum
532 1551 809 1640 coagmentatione
847 1554 959 1619 subtili
994 1553 1168 1643 conlocati,

151 1662 207 1746 qui
238 1661 503 1746 praeobturantes
539 1661 699 1725 foramina
729 1660 855 1725 narium
892 1682 958 1725 non
994 1662 1166 1745 patiuntur

115 1767 295 1853 a<redire>
309 1767 395 1853 quod
414 1767 531 1852 spiritu
550 1767 584 1831 in
599 1763 745 1832 ¹catinum
764 1771 813 1832 est
831 1789 1026 1851 expressum.
1063 1790 1165 1854 supra

149 1876 291 1941 catinum
310 1875 447 1960 paenula
469 1877 506 1938 ut
528 1873 768 1939 infundibulum
791 1873 952 1938 inversum
976 1878 1025 1940 est
1047 1879 1162 1940 attem-

95 2001 135 2042 aco
148 1986 259 2067 perata
277 1986 310 2047 et
327 2003 385 2067 per
407 1979 540 2045 fibulam
557 1978 560 2067 l
577 2002 651 2045 cum
673 1981 780 2045 catino
804 2001 905 2045 cuneo
929 1981 1062 2046 traiecto
1086 2003 1207 2047 con-15

147 2089 282 2174 tinctur,
314 2110 355 2153 ne
386 2088 436 2153 vis
468 2087 644 2152 inflationis
676 2108 777 2171 aquae
804 2108 874 2150 eam
906 2091 1001 2174 cogat
1033 2087 1160 2153 elevari.

147 2196 279 2281 insuper
296 2193 414 2280 fistula,
433 2217 513 2280 quae
533 2194 612 2258 tuba
634 2194 761 2278 dicitur,
784 2196 1007 2280 coagmentata
1029 2195 1064 2258 in
1087 2194 1158 2259 alti-

146 2303 258 2368 tudine
284 2304 323 2368 fit
351 2307 462 2368 erecta.
508 2301 644 2366 modioli
671 2305 778 2366 autern
805 2302 926 2366 habent
953 2302 1038 2366 infra
1064 2325 1158 2368 nares

146 2409 313 2476 inferiores
333 2407 514 2474 fistulamm
537 2429 624 2473 asses
647 2407 857 2491 interpositos
880 2430 977 2493 supra
998 2409 1158 2474 foramina

110 2523 129 2578 8
145 2537 352 2601 eorumquae
367 2519 442 2580 sunt
460 2515 494 2579 in
512 2514 628 2578 fundis.
666 2514 713 2578 ita
731 2515 769 2577 de
788 2515 935 2598 supernis
954 2516 988 2579 in
1006 2517 1156 2581 modiolis
1171 2537 1202 2576 ao

146 2622 265 2687 emboli
283 2621 417 2687 masculi
435 2625 529 2686 torno
549 2620 644 2704 politi
662 2624 694 2685 et
713 2619 784 2685 oleo
804 2621 928 2687 subacti
951 2623 1156 2708 conclusique

144 2727 265 2814 regulis
284 2733 317 2792 et
335 2728 480 2792 vectibus
499 2727 751 2792 commoliuntur
774 2727 830 2812 qui
853 2728 915 2792 erit
937 2734 991 2792 a'c'r
1014 2729 1060 2794 ibi
1083 2751 1155 2794 cum

144 2857 227 2920 aqua
235 2836 309 2920 <et>
319 2835 444 2900 assibus
456 2835 681 2900 obturantibus
691 2834 849 2900 foramina
858 2839 1009 2922 cogentes
1022 2836 1155 2900 trudunt
1191 2895 1195 2926 ζ

143 2943 284 3008 inflando
313 2942 532 3027 pressionibus
561 2963 618 3025 per
644 2940 826 3007 fistularum
853 2963 946 3006 nares
975 2965 1091 3028 aquam
1120 2941 1154 3006 in

143 3049 293 3135 catinum,
317 3072 334 3113 e
357 3071 420 3135 quo
444 3048 600 3135 recipiens
624 3047 761 3132 paenula
784 3047 901 3131 spiritu
923 3049 1075 3132 exprimit
1098 3066 1196 3133 peras

214 3301 246 3349 13
265 3295 356 3350 redire
370 3294 516 3350 uddRoae
584 3293 685 3362 spiritu
698 3295 768 3350 Ioa:
782 3293 897 3364 spiritus
914 3294 980 3349 GH
1049 3300 1083 3348 16
1097 3293 1152 3348 cle-

141 3365 201 3419 vari
223 3366 382 3421 Scbuaidcr:
404 3365 513 3419 elevare
538 3365 603 3420 GH
681 3366 945 3420 arcamarcaa
1022 3368 1152 3436 cogentes

37 3454 77 3461 ⁴*
141 3435 258 3559 tqqqllqlrlrp
275 3437 364 3560 ἔξω
388 3438 496 3505 cogent.
516 3436 665 3490 extrudent
690 3436 755 3491 GH
832 3442 866 3490 25
890 3435 989 3505 spiritu
1009 3437 1153 3492 Perrault:
