2608 3880
232 911 506 994 ΗΡΩΝΟΣ
538 907 1022 995 ΑΛΕΞΑΝΔΡΕΩΣ

380 1069 876 1152 ΠΝΕΤΜΑΤΙΚΩΝ

531 1262 725 1329 ΠΡΩΤΟΝ.

5 1414 104 1520 ΕΞ,
191 1410 255 1490 Τῆς
282 1417 503 1492 πνευματικῆς
529 1409 751 1492 πραγματείας
778 1407 925 1488 σπουδῆς
951 1402 1132 1488 ἠξιωμένας
1150 1431 1295 1472 Prooemium

24 1509 29 1518 ’
105 1506 207 1600 ’πρὸς
229 1523 296 1578 τῶν
318 1519 468 1580 παλαιῶν
490 1515 686 1598 φιλοσόφων
709 1535 743 1576 τε
766 1510 821 1576 καὶ
843 1519 1045 1596 μηχανικῶν,
1067 1521 1135 1575 τῶν
1161 1528 1174 1570 5

123 1615 185 1704 μέν
214 1624 353 1702 λογικῶς
380 1621 442 1702 τὴν
469 1619 614 1703 δύναμιν
641 1617 741 1700 αὐτῆς
768 1617 1036 1700 άποδεδωκότων,
1066 1626 1135 1681 τῶν

124 1721 161 1790 δὲ
188 1723 242 1788 καὶ
270 1723 314 1789 δι’
347 1725 447 1808 αὐτῆς
469 1733 526 1807 τῆς
548 1735 616 1789 τῶν
638 1725 809 1807 αἰσθητῶν
832 1722 1008 1810 ἐνεργείας,
1034 1723 1134 1806 άναγ-

123 1841 219 1895 καῖον
240 1829 402 1915 ὑπάρχειν
429 1833 604 1914 νομίζομεν
629 1828 684 1894 καὶ
712 1828 807 1894 αὐτοὶ
833 1831 873 1894 τὰ
899 1827 1135 1915 παραδοθέντα

123 1937 189 2002 ὑπὸ
219 1947 286 2001 τῶν
314 1935 459 2021 άρχαίων
486 1937 533 2012 είς
559 1933 654 2014 τάξιν
681 1935 827 2019 ἀγαγεῖν,
855 1935 910 2000 καὶ
937 1935 1074 2020 δὴμεῑς
1097 1930 1134 1999 δέ

123 2044 394 2130 προσευρήκαμεν
412 2033 601 2107 εἰσθέσθαι·
625 2041 729 2118 οὑτως
751 2044 814 2128 γάρ
837 2043 916 2118 τοὺς
933 2043 1014 2126 μετά
1032 2050 1135 2106 ταῦτα
1148 2062 1175 2101 το

95 2211 97 2215 .
125 2148 161 2215 έν
187 2161 256 2226 τοῖς
284 2152 477 2234 μαθήμασιν
504 2147 770 2233 ἀναστρέφεσθαι
797 2147 1022 2232 βουλομένους
1049 2148 1134 2232 ὠφε-

125 2262 257 2322 λεῖσθαι
286 2257 494 2340 συμβήσεται.
545 2253 736 2320 άκόλουθον
763 2250 800 2319 δέ
828 2249 913 2318 εἶναι
940 2258 1134 2339 νομίσαντες

124 2372 163 2448 τῇ
182 2374 249 2427 τῶν
266 2363 395 2446 ὑδρίαν
413 2361 645 2446 ὡροσκοπείων
658 2359 732 2444 ἕξει,
751 2360 822 2443 ὑτις
835 2359 914 2445 ὑμῖν
929 2359 965 2426 έν
979 2359 1134 2447 τέσσαρσι

125 2470 268 2552 βιβλίοις
303 2465 623 2553 προαναγέγραπται,
660 2467 783 2550 ταύτην
817 2475 936 2552 συνεχῆ
972 2467 1134 2552 ὑπάρχειν

125 2575 297 2660 γράφομεν
315 2573 370 2639 καὶ
388 2572 463 2659 περὶ
482 2573 592 2657 αὐτῆς,
611 2573 655 2650 ὡς
673 2577 878 2660 προείρηται·
897 2575 952 2639 διὰ
970 2575 1033 2661 γὰρ
1053 2591 1134 2658 συμ-
1148 2591 1175 2632 15

125 2685 249 2764 πλοκῆς
276 2678 372 2765 άέρος
399 2679 454 2744 καὶ
480 2680 585 2765 πυρὸς
609 2678 664 2744 καὶ
687 2679 808 2757 ὑδατος
830 2678 885 2744 καὶ
908 2689 967 2763 γῆς
989 2679 1044 2745 καὶ
1066 2691 1135 2745 τῶν

125 2797 228 2872 τριῶν
256 2788 426 2870 στοιχείων
453 2785 473 2868 ὑ
500 2783 555 2849 καὶ
578 2797 645 2851 τῶν
667 2786 835 2872 τεσσάρων
858 2785 1135 2871 συμπλεκομένων

126 2895 273 2958 ποικίλαι
296 2889 464 2968 διαθέσεις
486 2890 714 2978 ένεργοῦνται,
737 2893 771 2956 αἱ
793 2889 855 2977 μὲν
877 2891 1135 2976 ἀναγκαιοτάτας

127 3006 172 3086 τῷ
194 3001 256 3086 βίςο
283 2999 389 3086 τούτῳ
416 3001 526 3083 χρείας
552 2997 764 3084 παρέχουσαι,
794 2999 827 3063 αλ
856 2994 893 3063 δὲ
920 2996 1134 3082 έκπληκτικόν

13 3138 15 3141 ’
126 3129 201 3171 τινα
223 3105 424 3190 θαυμασμὸν
446 3103 719 3190 ἐπιδεικνύμεναι.
1148 3121 1176 3160 2⁰

200 3321 232 3368 13
247 3315 446 3385 Fragmentum
459 3313 542 3368 huius
557 3313 647 3384 operis
662 3315 755 3368 exsta&
768 3312 843 3382 apud
856 3311 985 3367 Proolum
998 3313 1133 3437 ὑγροὺγᾶ),

130 3387 232 3446 astron,
251 3386 313 3441 Bas.
335 3391 403 3440 1540
425 3404 452 3455 p.
466 3391 514 3454 423
538 3405 562 3440 v.
581 3384 656 3438 infra
729 3383 858 3452 τέσσαρσι
879 3384 910 3438 b:
935 3382 1045 3454 τέταρσι
1065 3385 1090 3437 Α
1126 3407 1132 3439 :

120 3454 283 3525 τέτταρσιΤ
316 3463 350 3511 14
359 3454 909 3582 κροσαυαγέγραπταιωὺεοοττᾘοοείαε
947 3461 1050 3510 16-17
1060 3454 1135 3511 final

128 3535 183 3583 τῶν
201 3535 284 3598 τριῶν
305 3570 354 3583 ..,
374 3532 532 3598 ονμπλεκομ
548 3547 604 3583 νων
623 3526 676 3580 del.
750 3532 782 3581 17
801 3527 937 3597 τεττάρων
956 3527 979 3581 Τ
