2574 3918
200 1095 475 1180 VITRUVII
500 1097 578 1180 DE
605 1095 1090 1180 ARCHITECTURA.

586 1288 611 1374 Ι,
628 1290 658 1377 6,
675 1291 704 1355 2.

53 1435 87 1525 ξ,
100 1435 126 1473 24
206 1413 331 1480 Ventus
358 1419 466 1480 autern
494 1418 542 1479 est
569 1415 652 1480 u‘e'ris
679 1415 782 1480 fluens
809 1413 895 1478 unda
926 1436 999 1479 cum
1032 1413 1162 1480 incerta

83 1497 121 1526 ⁰⁵⁰
139 1525 247 1586 motus
256 1521 474 1587 redundantia.
497 1521 993 1606 nuscitur‚cumfervoroffendit
1007 1542 1159 1586 umorem

140 1632 172 1692 et
201 1627 341 1712 impetus
371 1628 522 1694 tactionis
552 1628 705 1712 exprimit
737 1627 770 1692 vi
802 1626 935 1711 spiritus
967 1628 1072 1692 flatus,
1120 1628 1157 1692 id
1189 1649 1205 1690 5

140 1737 248 1798 autem
266 1755 376 1798 verum
395 1756 464 1799 esse
487 1756 527 1799 ex
550 1734 709 1819 aeolipilis
733 1733 833 1798 aereis
856 1733 932 1798 licet
955 1734 1097 1818 aspicere
1121 1739 1155 1800 et

99 1861 126 1900 rr
141 1841 178 1904 de
210 1841 386 1905 latentibus
419 1840 499 1905 caeli
529 1838 732 1927 rationibus}
752 1839 936 1906 artificiosis
968 1862 1075 1905 rerum
1105 1840 1156 1905 in-

139 1946 345 2011 ventionibus
369 1945 548 2010 divinitatis
572 1946 750 2031 exprimere
773 1947 951 2012 veritatem.

205 2053 304 2118 Fiunt
338 2052 423 2117 enirn
453 2052 621 2137 aeolipilae
650 2075 759 2118 cereae
789 2075 892 2118 cavae.
943 2053 1003 2118 hae
1032 2053 1154 2118 habent

140 2164 295 2244 punctum
318 2158 598 2248 angustissimum,
626 2181 690 2244 quo
713 2182 796 2244 aqua
823 2160 1050 2244 infunduntur,
1078 2181 1153 2225 con·
1167 2182 1199 2222 ro

139 2267 350 2352 locanturque
360 2266 401 2329 ad
414 2265 522 2352 ignem
537 2269 578 2350 et,
592 2270 764 2351 antequam
773 2267 942 2352 calescunt,
955 2289 1022 2331 non
1031 2267 1153 2332 habent

139 2374 243 2437 nilum
261 2374 422 2458 spiritum,
440 2373 538 2438 simul
556 2377 663 2437 eutem
686 2377 723 2437 ut
745 2373 867 2438 fervere
890 2373 1063 2458 coeperint,
1086 2373 1156 2438 effi·

70 2498 126 2550 ree
140 2479 230 2545 ciunt
252 2480 293 2544 ud
315 2481 423 2566 ignem
447 2479 666 2544 vehementem
689 2480 811 2546 flatum.
1031 2517 1050 2550 .

540 2726 596 2814 nr,
611 2729 641 2813 9,
655 2728 751 2793 2-5.

57 2891 127 2941 rum
206 2868 290 2934 Item
309 2873 384 2935 sunt
403 2891 442 2933 ex
461 2891 544 2955 equa
562 2871 762 2957 conquisitae
780 2871 820 2934 ab
845 2869 964 2934 eisdem
988 2869 1189 2954 scriptori-15

139 2979 200 3042 bus
230 2976 474 3063 horologiorum
503 2977 658 3062 rationem
692 2977 896 3061 primumque
927 2999 946 3040 a
977 2975 1151 3041 Ctesibio

140 3084 417 3169 Alexandrino,
432 3084 496 3171 qui
511 3088 547 3150 et
562 3085 636 3149 vim
652 3084 815 3168 spiritus
829 3084 1022 3148 naturalis
1035 3105 1153 3167 pneu-

212 3347 380 3404 tractionis
403 3347 486 3404 Rom:
508 3346 639 3403 fectionis
661 3345 822 3414 (imotenus
841 3351 877 3402 69
899 3363 966 3402 suec.
983 3347 1042 3415 XI)
1062 3346 1112 3415 H(
1140 3378 1151 3388 ·

141 3421 248 3474 ieiunus
264 3424 341 3475 2767
363 3436 430 3474 saec.
445 3420 505 3487 IX)
578 3417 605 3471 vi
624 3418 709 3473 Rosa:
731 3417 787 3471 vim
808 3419 872 3474 GH
942 3423 976 3472 10
999 3434 1054 3487 quo
1078 3433 1151 3486 aqua

141 3491 389 3614 Iqewndququce
408 3506 483 3557 nque
503 3489 542 3544 G:
565 3495 696 3558 respectes
715 3505 805 3556 cquue
890 3494 923 3543 17
947 3491 976 3543 et
993 3487 1050 3541 vim
1068 3488 1150 3544 Rure:

150 3575 229 3614 xram
281 3583 284 3587 2
