2574 3918
141 182 209 245 452
247 182 395 234 muoz
414 177 614 240 ΔΛΕΞΔΝΔΡ.
631 181 718 232 ΠΕΡΙ
736 179 1160 232 ΑΊὝΟΜΔΤΟΠΟΙΗΤΙΚΗΣ.

142 368 220 408 νιον
243 343 363 428 ὁμοίως
385 343 619 408 θαλασσοειδεῑ
641 342 786 426 χρώματι
807 347 1160 425 προσαποκεχρῶσθαι.

142 451 199 515 ἵνα
232 446 269 514 δὲ
302 449 605 532 ἐπικαλυπτόμενον
636 448 794 532 μηδαμῶς
820 457 909 534 φανῇ
938 447 974 512 τὸ
1002 446 1159 530 ὀδόνιον,

144 560 235 622 ἔστιν
258 555 327 621 ἄνω
351 553 641 640 συνεστραμμένον
662 551 717 618 καί
735 565 901 638 κρατεῖται
919 554 983 618 ὑπὸ
1002 562 1060 635 της
1078 563 1159 636 μιᾶς

142 666 294 748 περόνης,
321 661 378 747 ὑφ’
410 657 448 745 ἧς
474 659 530 726 καί
557 660 575 726 ὁ
602 661 763 746 κεραυνὸς
790 669 971 746 κρατεῖται,
997 661 1079 724 ὥστε
1103 657 1159 724 ἕλ-

141 772 322 852 κυσθείσης
350 767 449 851 αὐτῆς
476 767 543 851 ἅμα
569 790 604 832 τε
630 768 691 832 τὸν
713 768 878 853 κεραυνὸν
901 765 1077 850 ἐνεχθῆναι
1101 764 1158 830 ε’πί
1192 787 1207 826 5

142 877 180 941 τὸ
213 873 332 963 ζῴδιον
364 873 419 940 καί
450 877 665 958 καλυφθῆναι
699 873 780 938 αὐτὸ
812 873 877 939 ὑπὸ
909 881 969 938 τοῦ
1003 871 1158 955 ὀδονίου,

144 984 227 1048 ὥστε
245 982 357 1046 δοκεῖν
375 976 500 1063 πληγὲν
518 979 598 1044 αὐτὸ
617 980 682 1044 ὑπὸ
701 989 761 1045 τοῦ
780 988 941 1063 κεραυνοῦ
960 977 1158 1062 ἠφανίσθαι.

111 1095 126 1149 7
218 1090 264 1153 Τὰ
292 1084 353 1172 μὲν
376 1082 438 1152 οὖν
460 1087 541 1151 κατὰ
568 1087 628 1150 τὸν
650 1089 772 1150 πίνακα
798 1084 902 1162 οὕτως
925 1087 1158 1168 οἰκονομεῖται.

144 1194 265 1280 ὁμοίως
289 1190 326 1259 δὲ
353 1192 407 1258 καί
436 1194 470 1257 αί
493 1189 530 1257 ἐν
552 1203 621 1269 τοῖς
649 1192 778 1279 ζῳδίοις
805 1189 861 1256 καί
884 1192 918 1256 αί
941 1200 998 1274 τῆς
1019 1194 1158 1276 πορείας

143 1303 289 1384 κινήσεις
320 1302 376 1365 διδι
410 1299 571 1365 τοιούτων
602 1299 755 1383 ὀργάνων
787 1308 888 1362 πᾶσαι
919 1299 1084 1381 γίνονται,
1122 1299 1161 1363 οἳ
1174 1319 1204 1358 ιο

144 1431 178 1472 τε
201 1411 335 1484 πίνακες
363 1407 482 1482 ποίντες
510 1405 631 1489 ὁμοίως
657 1401 714 1469 διὰ
739 1405 867 1469 τούτων
889 1405 1158 1488 οίκονομοῦνται,

144 1515 231 1598 πλὴν
253 1515 304 1579 ὅτι
403 1513 675 1578 διαλίοίσσονται.

217 1730 231 1776 1
255 1724 458 1777 θαίασσοειὸεῖ
475 1721 633 1775 Μοοοοοιιε.
648 1726 713 1775 431:
740 1722 969 1790 θαίασσοειδῆο
1049 1725 1065 1772 3
1088 1720 1156 1774 ἀνε-
1204 1708 1207 1714 ’

146 1792 318 1864 στραμμένον
328 1793 401 1847 Prou
465 1799 498 1846 10
512 1792 531 1847 f.
542 1791 674 1847 τοιούτων
740 1797 772 1844 12
788 1791 931 1863 <μίιθοις>
941 1789 1157 1845 διαίίοίοσονται

145 1863 355 1990 ξθιὲειιὶἑήίῇἑίοῖς
368 1864 498 1936 μύθοις).
526 1863 557 1916 in
571 1862 646 1916 ealce
661 1861 785 1917 omnium
799 1861 926 1916 codicum
939 1864 1029 1916 ίείπει
1042 1861 1156 1932 legitur,

219 2203 245 2270 1)
263 2200 329 2255 Dies
344 2201 425 2255 Wort
443 2200 480 2254 ist
498 2201 571 2253 nach
590 2199 667 2253 einer
680 2199 856 2270 Vermutung
872 2200 1021 2255 iibersetzt.
1054 2201 1086 2254 In
1100 2201 1156 2254 den

146 2271 367 2326 Handschriften
385 2272 473 2327 steht:
494 2271 580 2325 ‘sieht
597 2271 671 2324 nach
690 2271 782 2325 oben'.

219 2345 245 2412 2)
264 2343 320 2397 Der
334 2342 399 2396 Satz
417 2342 520 2396 beruht
538 2342 568 2394 in
587 2341 677 2395 dieser
690 2341 773 2396 Form
792 2361 854 2395 zum
872 2343 999 2412 grofsten
1012 2342 1090 2396 Teile
1107 2343 1158 2396 auf

148 2413 330 2483 Vermutung.
368 2413 444 2467 statt
462 2414 559 2467 ‘etwas
573 2430 636 2467 vom
649 2413 755 2467 Lande'
771 2413 877 2467 ίιόιιιιίο
890 2430 955 2467 man
970 2415 1041 2467 auch
1057 2415 1154 2468 ‘etwas

147 2501 201 2538 von
215 2484 279 2538 dem
293 2484 322 2537 in
336 2486 386 2538 der
399 2484 480 2537 Nahe
494 2484 693 2554 Befindlichen,
708 2488 794 2539 etwas
808 2502 858 2538 aus
873 2483 963 2539 seiner
974 2484 1152 2555 Umgebung'

147 2557 298 2609 vermuton.

219 2627 245 2696 3)
268 2626 300 2679 In
323 2626 377 2680 den
400 2623 591 2696 griechischen
613 2625 834 2680 Handschrifssen
856 2627 932 2680 sbeht
957 2642 1002 2680 am
1025 2626 1154 2681 Schlusse

148 2696 220 2751 ohne
240 2695 349 2752 Grund:
370 2695 617 2767 ‘Unvollstfmdig’.
