2608 3880
132 203 135 212 ,
155 145 197 207 14
274 145 423 198 ΗεααοΣ
436 119 709 203 ἰΛεΞΑΝΔΡΕοΣ
728 145 996 198 mmmm
1014 145 1046 200 A.

154 307 295 393 βράδιον
332 303 369 372 δέ
404 309 486 372 κατὰ
517 309 576 372 τὸν
608 309 690 372 άνω·
726 308 763 372 τὸ
795 308 951 392 παράπαν
982 302 1020 371 δὲ
1051 305 1166 391 μηκέτι

155 411 383 499 παρεπομένης
406 413 519 490 αὐτοῖς
541 423 599 497 της
626 412 924 496 έξαποστελλοῦσης
951 415 1041 496 βίας,
1063 414 1166 478 πάλιν

153 520 201 596 εἰς
235 520 295 585 τὸν
330 521 411 584 κατδι
448 520 553 604 φύσιν
589 518 723 605 φέρεται
758 523 876 604 τόπον,
917 519 1001 602 λέγω
1039 520 1080 602 δὴ
1118 521 1165 596 εἰς

152 627 212 691 τὸν
238 627 338 692 κάτω·
367 627 397 692 ελ
424 623 461 691 δέ
492 627 625 711 λσοταχῆ
654 624 975 713 αὐτά]”παρέπεμπεν
1001 625 1022 710 ἡ
1051 625 1190 718 έξαπο-Ι

153 731 333 798 στέλλουσα
355 736 422 816 βία,
446 733 507 798 οὐκ
530 735 572 798 άν
590 755 668 799 ποτε
687 734 788 817 ἔληξε.
806 731 884 798 νυνὶ
903 730 940 798 δὲ
957 734 1039 797 κατδι
1057 734 1163 819 βραχὺ
1192 751 1206 791 5

152 838 383 923 άποληγοάσης
412 838 513 922 αὐτῆς
539 838 594 904 καὶ
622 841 731 926 ὥσπερ
761 837 1012 924 δαπανωμένης,
1043 836 1099 904 καὶ
1126 840 1163 904 τὸ

151 945 248 1029 τάχος
272 946 365 1029 λήγει
387 953 444 1028 τῆς
467 955 582 1032 φοράς.
605 944 660 1010 καὶ
682 947 719 1011 τὸ
737 946 829 1032 ὕδωρ
849 943 886 1011 δὲ
904 947 1099 1031 μεταβάλλει
1117 947 1164 1022 εἰς

152 1051 259 1134 γεώδη
292 1051 423 1116 οὐσίαν·
451 1052 531 1116 ὅταν
562 1053 624 1139 γάρ
656 1059 703 1129 εἴς
729 1077 804 1117 τινα
833 1054 940 1136 γεώδη
967 1050 1022 1117 καὶ
1049 1057 1164 1119 κοῖλον

151 1158 255 1222 τόπον
283 1155 444 1242 έκχέωμεν
469 1158 576 1245 ὕδωρ,
603 1157 671 1243 μετ’
699 1160 739 1224 οὐ
766 1161 875 1226 πολὺν
892 1162 1016 1245 χρόνον
1038 1155 1163 1244 άφανές

106 1338 109 1346 ,
151 1267 276 1346 γίνεται
291 1261 462 1330 άναποθέν
475 1266 540 1332 ὑπὸ
554 1274 611 1348 τῆς
625 1267 771 1349 γεώδους
785 1267 909 1350 οὐσίας,
924 1268 1006 1332 ὥστε
1020 1283 1162 1331 συνανα-
1176 1287 1204 1326 10

150 1373 302 1455 κίρναται
324 1368 380 1436 καὶ
403 1370 528 1455 γίνεται
550 1371 606 1436 καὶ
630 1371 709 1438 αὐτὸ
728 1381 779 1456 γη.
820 1373 849 1438 ελ
867 1369 905 1437 δὲ
923 1371 1014 1454 λέγοι
1032 1396 1092 1456 τις,
1111 1373 1162 1438 ὅτι

151 1476 192 1542 οὐ
214 1478 480 1563 παραπλάσσεται
504 1474 583 1543 οὐδὲ
606 1477 799 1543 άναπίνεται
820 1479 886 1543 ὑπὸ
909 1489 967 1562 τῆς
989 1487 1063 1563 γῆς,
1087 1477 1157 1544 ἀλλ’

152 1581 349 1667 ε’ξικμάζεται
384 1583 628 1668 άναπινόμενον
661 1584 726 1649 ὑπὸ
763 1586 965 1668 θερμότητος
997 1587 1069 1668 ἤτοι
1101 1594 1162 1650 τοῦ

151 1687 247 1771 ἡλίου
274 1688 294 1772 ἢ
319 1687 433 1775 ἑτέρου
455 1692 560 1774 τινός,
590 1691 713 1767 ψεῦδος
740 1689 847 1773 λέγων
870 1689 1161 1776 ἀποδειχθήσεται·

150 1795 187 1858 τὸ
224 1796 287 1880 γάρ
324 1794 404 1860 αὐτὸ
441 1795 533 1881 ὕδωρ
569 1793 737 1880 ἐμβληθὲν
773 1803 820 1872 εἴς
857 1821 889 1862 τι
921 1797 1056 1881 άγγεῖον
1087 1801 1160 1882 ἤτοι
1175 1818 1201 1858 15

149 1899 291 1966 ὑάλινον
312 1900 333 1983 ἢ
356 1907 500 1985 χαλκοῦν
522 1901 543 1985 ἢ
567 1902 599 1980 ἐξ
624 1904 724 1986 άλλης
746 1911 872 1985 πυκνῆς
890 1903 971 1987 ὕλης
989 1903 1044 1969 καὶ
1062 1903 1162 1972 τεθὲν

151 2005 188 2072 έν
216 2005 298 2095 ἡλίῳ
328 2010 436 2074 πολὺν
465 2011 588 2094 χρόνον
619 2009 679 2074 οὐκ
710 2009 917 2094 ἐλαττοῦται,
948 2012 990 2077 ελ·
1005 2013 1049 2096 μὴ
1071 2016 1161 2099 παρὰ

150 2115 270 2200 μικρὸν
302 2117 422 2200 μόριον
454 2116 665 2181 παντάπασιν
698 2115 814 2180 αὐτοῦ·
849 2117 930 2182 ώστε
966 2120 1161 2202 μεταβάλλει

150 2218 205 2285 καλ
232 2221 270 2285 τὸ
296 2220 388 2307 ὕδωρ
415 2222 462 2298 εἰς
488 2222 596 2305 γεώδη
624 2220 751 2287 οὐσίαν.
774 2223 809 2286 αλ
831 2231 915 2306 γοῦν
931 2225 1028 2300 λλύες
1049 2224 1104 2289 καὶ
1128 2226 1160 2292 ολ

150 2328 309 2411 βόρβοροι
341 2336 401 2393 τοῦ
433 2326 561 2405 ὕδατός
588 2330 673 2394 εἰσιν
705 2330 751 2405 εἰς
780 2329 887 2413 γεώδη
918 2329 1036 2395 οὐσίαν
1065 2354 1160 2415 μετα·
1174 2350 1202 2390 20

150 2435 256 2515 βολαί.
278 2433 473 2516 μεταβάλλει
495 2430 533 2498 δὲ
554 2432 609 2498 καὶ
632 2433 652 2517 η
676 2433 852 2521 λεπτοτέρα
875 2436 972 2501 οὐσία
990 2438 1036 2512 εἰς
1056 2458 1159 2521 παχυ-

133 2537 264 2632 τέραν,
293 2540 443 2624 καθάπερ
471 2539 601 2626 δρῶμεν
623 2539 678 2604 καλ
700 2540 761 2623 τὴν
783 2545 892 2626 φλόγα
915 2541 968 2607 έπλ
990 2554 1057 2606 τῶν
1079 2541 1159 2608 άπο-

151 2643 384 2729 σβεννυμένοον
410 2646 556 2731 λύχνων,
587 2647 666 2712 ὅταν
689 2645 830 2725 ἐλλιπεῖς
853 2647 966 2713 ἐλαίου
987 2646 1158 2733 γένωνται,
1215 2663 1216 2666 ’

98 2769 137 2810 ιιο
151 2749 205 2816 ἐπὶ
223 2753 328 2816 ποσὸν
346 2749 407 2837 μέν
427 2752 431 2835 Ι
452 2754 520 2817 άνω
539 2751 725 2839 φερομένην
743 2753 798 2819 καὶ
817 2755 924 2840 ὥσπερ
945 2752 1158 2839 ἐπειγομένην

151 2859 198 2934 εἰς
225 2860 284 2923 τὸν
311 2859 400 2923 λδιον
428 2867 574 2946 χωρῆσαι
600 2862 717 2944 τόπον,
741 2858 824 2944 λέγω
848 2857 885 2925 δέ
907 2861 966 2924 τὸν
989 2859 1157 2926 ἀνώτατον
1172 2879 1199 2920 25

150 2963 206 3030 καλ
233 2966 313 3030 ὄντα
339 2961 423 3052 ὑπὲρ
451 2967 509 3031 τὸν
536 2965 631 3051 άέρα,
658 2968 1004 3053 <κατα>κρατηθεῖσαν
1032 2963 1069 3031 δὲ
1091 2967 1155 3033 ὑπὸ

151 3081 210 3138 τοῦ
237 3077 363 3138 πολλοῦ
390 3069 486 3158 άέρος
512 3082 572 3137 τοῦ
601 3071 720 3157 μεταξὺ
743 3071 856 3156 μηκέτι
879 3071 932 3137 ἐπὶ
954 3073 1014 3137 τὸν
1036 3082 1156 3158 συνεχῆ

138 3319 140 3324 ·
222 3296 525 3370 ῦπαρεπομένοιςΑθι
589 3307 622 3355 10
636 3299 785 3354 άναποδδν
799 3299 830 3354 τὸ
844 3299 957 3370 ώδιορΤ
1019 3307 1051 3355 12
1065 3322 1157 3372 παρα-

95 3369 97 3374 ’
151 3369 301 3425 πλάσσεται
319 3370 380 3426 bT:
399 3372 593 3439 emplastratur
608 3371 642 3424 L:
661 3369 872 3440 παραπλήοεται
885 3370 949 3443 AGsl
971 3373 999 3442 (η
1019 3372 1072 3427 del.
1091 3375 1119 3427 θλ
1137 3393 1155 3428 α

151 3458 236 3510 supra
254 3458 304 3496 sor.
320 3441 381 3513 G‚):
406 3439 612 3511 παραπλέκεται
631 3441 707 3496 Diels
780 3447 813 3495 16
831 3446 952 3512 χαλκοῦν
971 3442 993 3496 Τ
1013 3467 1019 3498 :
1038 3443 1156 3512 χάλκεον

78 3560 127 3567 -.
149 3511 258 3584 AGT‚:
282 3512 410 3582 χάλκειον
428 3512 463 3568 B:
487 3512 640 3583 χάλκιονΟ
726 3517 759 3566 20
782 3515 935 3586 μεταβολαί
949 3483 1051 3587 Mb:
1075 3535 1159 3586 μετα·
