2604 3908
157 179 224 245 400
259 181 408 233 ΗΡΩΝΟΣ
426 177 628 240 ΔΛΕΞΑΝΔΡ.
646 183 733 233 ΠΕΡΙ
751 182 1169 235 ΑΤΤΟΜΑΤΟΠΟΙΗΤΙΚΗΣ.

158 342 242 422 ἀπαξ
270 341 438 427 ἀπειλῆσαι
465 345 503 409 τὸ
528 346 598 408 ΗΘ
625 344 797 427 τύμπανον
822 347 934 427 μεῖζον
956 343 996 409 δν
1018 353 1078 408 τοῦ
1102 348 1170 409 ΑΒ

159 447 288 533 ἀξονος,
311 451 394 515 ὥστε
416 451 591 526 πλεονάκις
613 450 673 515 τὸν
693 453 758 514 AB
778 448 881 528 ἀξονα
900 459 1085 536 στραφῆναι
1105 452 1171 515 σὺν

158 563 204 642 τῷ
227 558 293 621 ΓΔ
315 565 422 645 τροχῷ
444 555 500 622 καὶ
523 558 579 622 δεδι
602 564 700 622 τοῦτο
723 558 809 621 πολὺ
832 565 934 641 μῆκος
957 566 1014 641 τῆς
1034 560 1170 642 πορείας

122 668 140 722 3
158 664 321 744 γίνεσθαι.
359 661 482 728 εἰδέναι
504 662 617 747 μέντοι
636 663 709 749 χρή,
728 663 778 728 ὅτι
796 667 945 748 μείζονος
964 666 1053 740 λείας
1066 679 1170 750 προσ-

158 769 262 834 δεῖται
290 770 345 834 διά
372 770 409 834 τὸ
437 772 516 846 τοὺς
541 772 692 854 μείζονας
718 770 861 847 κύκλους
887 770 952 835 ὑπὸ
980 778 1047 835 τῶν
1075 769 1170 836 ε’λασ-
1198 792 1212 833 ε

157 878 269 940 σόνων
290 882 471 941 κινεῖσθαι·
494 885 597 940 ταῦτα
619 878 682 960 γὰρ
706 877 762 941 διδ
780 885 848 941 τῶν
865 880 1011 961 μοχλίων
1030 878 1071 960 δὴ
1090 879 1170 942 ἔστι.

157 978 212 1046 καὶ
244 982 301 1056 τάς
333 982 434 1057 ἀλλας
466 977 503 1045 δὲ
534 983 593 1057 τὰς
624 981 750 1060 ἔξωθεν
780 991 837 1066 τῆς
863 986 998 1068 πορείας
1024 985 1171 1066 κινήσεις

158 1088 303 1153 δυνατόν
326 1086 394 1152 ἐστι
417 1089 560 1171 μεγάλας
583 1089 684 1165 οὔσας
707 1090 764 1154 διὰ
786 1097 915 1174 μικρῶν
940 1090 1170 1173 διαστημάτων

122 1199 141 1254 4
158 1193 394 1260 ἐπιτελεῖσθαι·
417 1193 476 1259 ε’ἀν
498 1196 561 1282 γὰρ
585 1193 605 1278 ἡ
628 1204 768 1260 κινοῦσα
788 1196 825 1260 τὸ
846 1197 991 1282 ὄργανον
1009 1205 1069 1263 τοῦ
1087 1200 1169 1260 Διο-

157 1301 264 1366 νύσου
292 1302 435 1387 σπάρτος
461 1300 537 1387 περὶ
563 1304 714 1386 μείζονας
740 1302 883 1379 κύκλους
906 1301 1125 1386 ἀποδιδῶται,
1147 1301 1213 1385 ἡιο

158 1404 195 1472 δὲ
219 1410 265 1485 είς
287 1409 348 1492 τὴν
371 1411 464 1473 λείαν
486 1406 562 1493 περὶ
586 1407 767 1485 ἐλάσσονας
788 1407 908 1488 ἀξονας
929 1407 985 1472 καὶ
1006 1417 1170 1492 συμφυεῖς

158 1516 256 1590 ὄντας
283 1523 328 1603 τῷ
356 1517 495 1599 μείζονι,
522 1515 674 1600 καθάπερ
700 1513 755 1579 καὶ
779 1511 832 1580 ἐπὶ
856 1524 912 1599 τῆς
933 1517 1069 1599 πορείας
1090 1515 1169 1579 ὑπε-

158 1619 319 1705 δείξομεν.

64 1726 141 1792 XIX
222 1729 373 1794 Δύναται
401 1724 438 1794 δὲ
465 1727 520 1794 καί
543 1730 650 1804 ἀλλως
672 1728 693 1810 ἥ
716 1751 751 1794 τε
774 1727 945 1814 ἐπιπορεία
967 1726 1022 1793 καί
1044 1727 1065 1811 ἡ
1089 1725 1168 1793 ἀπο-

157 1839 274 1918 πορεία
297 1838 452 1918 γίνεσθαι
474 1833 529 1900 καί
549 1837 583 1900 αἱ
601 1833 727 1912 ἔξωθεν
745 1835 822 1918 (τῆς
840 1837 995 1920 πορείας)
1014 1837 1169 1919 κινήσεις.
1183 1858 1211 1898 ιι

215 1940 323 2007 Ἔστω
346 1943 409 2027 γάρ
432 1941 469 2005 τὸ
493 1949 550 2024 τῆς
574 1941 732 2027 σύριγγος
755 1943 858 2025 στόμα
880 1941 917 2006 τὸ
942 1944 1075 2007 ΑΒΓΔ
1096 1944 1169 2007 δια-

157 2047 391 2134 πεφραγμένον
424 2045 501 2112 δυσί
530 2049 758 2132 διαφράγμασι
785 2047 828 2112 δι’
861 2049 943 2114 ὅλου
969 2057 1030 2113 τοῦ
1061 2048 1170 2127 ύύους

104 2173 144 2213 262
158 2165 215 2238 τῆς
238 2156 398 2241 σύριγγος
420 2164 489 2231 τοῖς
511 2156 593 2219 κατά
616 2154 673 2231 τὰς
696 2159 775 2239 ΕΖ,
799 2157 838 2219 Η
840 2159 868 2219 Θ
891 2153 1040 2238 εὐθείας,
1061 2155 1065 2238 Ι
1086 2155 1169 2220 ὥστε

158 2263 214 2327 διά
241 2269 301 2327 τοῦ
328 2260 447 2346 μεταξὺ
475 2263 579 2326 τόπου
606 2269 674 2325 τῶν
704 2261 964 2348 διαφραγμάτων
994 2263 1052 2339 τδις
1081 2263 1168 2328 κάτω

159 2369 325 2454 σπάρτους
348 2366 575 2454 ἀναφέρεσθαι
598 2364 653 2432 καὶ
677 2366 901 2434 ἀποδίδοσθαι
925 2370 971 2445 είς
994 2370 1052 2446 τὰς
1070 2373 1168 2445 λείας.
1184 2390 1210 2430 εο

123 2473 178 2556 2ἡ
210 2469 272 2558 μὲν
303 2468 365 2539 οὖν
397 2473 434 2538 ἐν
461 2482 500 2558 τῇ
529 2476 664 2538 ABEZ
690 2474 825 2560 σύριγγι
852 2477 924 2540 λεία
951 2477 1012 2558 τήν
1039 2499 1073 2540 τε
1101 2475 1170 2540 ἐπι-

231 2707 245 2753 1
264 2695 407 2768 ἀπειλῆσαι
417 2698 483 2755 AG:
499 2695 650 2756 ἀπειλεῖται
660 2700 695 2756 T:
709 2701 728 2756 f.
740 2697 914 2757 ἒπειλεῖσθαι
924 2701 1005 2776 (είς)
1070 2701 1169 2758 mm

158 2770 225 2826 AG:
258 2772 294 2833 ὡς
321 2771 356 2824 τὰ
384 2770 407 2823 Τ
521 2778 591 2825 4-5
618 2774 782 2841 προσδεῖται
809 2788 839 2828 a:
873 2777 917 2827 ου’
936 2776 1058 2844 προσδεῖ
1061 2781 1074 2829 ’Β
1119 2775 1170 2829 sed

158 2841 192 2897 cf.
217 2842 332 2895 Kfihner
359 2840 405 2896 Gr.
428 2842 454 2895 Π
475 2847 525 2897 255
625 2849 694 2898 6-6
722 2845 787 2906 τοὺς
813 2846 942 2914 μείζονας
968 2845 1086 2907 κύκλους
1113 2841 1169 2901 κτὲ.

159 2913 192 2968 of.
203 2913 304 2967 Heron.
315 2912 404 2968 Meeh.
419 2913 444 2967 H
459 2919 474 2966 7
489 2913 596 2984 Dioptr.
611 2933 638 2984 p.
649 2921 710 2984 334,
721 2921 754 2969 23
768 2915 858 2985 Vino„
872 2915 980 2970 Philon.
990 2916 1079 2971 Mech.
1090 2916 1169 2986 Synt.

158 3004 184 3055 p.
196 2990 238 3055 69,
250 2990 283 3038 16
302 2984 345 3039 ed.
356 2985 388 3039 R.
399 2984 532 3054 θολεοοοε,
546 2985 637 3056 Pappi
651 2985 765 3041 Collect.
779 3005 807 3056 p.
819 2992 895 3056 1068,
907 2993 942 3040 20
956 2987 999 3041 ed.
1009 2988 1038 3042 F.
1049 2987 1170 3042 Hultsch

195 3063 210 3110 6
243 3055 261 3110 f.
290 3060 446 3124 κινεῖσθαι,
478 3055 568 3121 <ὅταν
598 3058 664 3125 περὶ
696 3057 726 3112 τὸ
759 3059 828 3113 αὐτὸ
855 3057 972 3126 κέντρον
999 3059 1170 3131 κυλίωνται)

194 3127 212 3182 f.
227 3127 280 3197 γὰρ
300 3127 335 3196 δὴ
355 3127 403 3182 διδι
421 3136 476 3181 τῶν
491 3130 610 3198 μοχλίων
628 3131 662 3183 tr.
736 3134 873 3199 μοχλικῶν
888 3128 960 3199 δῆλοὶ
974 3125 1031 3184 ἔστι
1045 3129 1169 3185 Brinkm.

194 3204 281 3253 9-13
302 3215 338 3252 an
358 3195 408 3254 ἐὰν
427 3197 480 3269 γὰρ
495 3241 500 3253 .
513 3242 518 3254 .
531 3241 536 3252 .
551 3201 738 3270 ὑπεδείξαμεν
753 3200 826 3255 del.?
857 3219 881 3255 v.
896 3200 975 3270 prole
998 3201 1056 3256 ,ad
1074 3201 1118 3271 fig.
1135 3207 1169 3256 98

194 3276 210 3324 9
229 3269 282 3340 γὰρ
302 3288 354 3325 om.
369 3268 411 3340 M,
430 3269 517 3324 Paris.
532 3271 622 3341 suppl.
639 3277 685 3324 11:
705 3271 812 3341 τοιγὰρ
832 3271 904 3326 δολί
942 3219 995 3326 seg
1010 3271 1044 3326 cf.
1059 3272 1170 3326 Vahlen

158 3341 273 3395 Aristot.
292 3344 367 3411 poet.
390 3359 417 3410 p.
434 3342 499 3395 128⁸
570 3341 698 3410 pomT
771 3347 858 3396 9-10
881 3351 931 3397 τοῦ
950 3343 1090 3399 Διονύσου
1114 3343 1168 3398 del.

158 3411 281 3467 Brinkm.
338 3417 371 3466 10
386 3409 560 3468 ἀποδίδοται
575 3412 665 3480 codd„
680 3413 786 3467 correxi
841 3418 873 3466 12
887 3412 906 3466 f.
918 3416 1023 3483 μείζονι
1035 3413 1169 3540 (κύκλῳέ

90 3510 127 3517 —
195 3488 228 3537 15
243 3484 312 3554 (τῆς
321 3482 458 3556 πορείας)
468 3482 579 3538 inserui.
600 3483 634 3538 cf.
645 3483 720 3540 lim
767 3489 870 3538 16-17
882 3483 1136 3556 διαπεφραγμένων

195 3559 228 3608 18
247 3560 304 3615 τοῖς
322 3553 387 3609 AT:
406 3553 497 3622 τῆςθι
569 3560 601 3608 21
621 3575 650 3609 τε
670 3554 737 3610 AG:
757 3555 830 3610 δὲΤ
