2598 3886
115 207 157 272 70
230 208 379 262 muoz
397 203 664 265 ΑΛΕΞΑΝΔΡΕΩΣ
683 205 951 259 ΠΝΕΤΜΔΤΙΚΩΝ
969 206 1002 259 A.

112 369 299 457 έπιρρεύσει
317 367 403 434 καὶὸ
424 364 514 445 οἶνος
532 370 588 434 διὰ
606 369 643 433 τὸ
663 370 709 445 είς
727 369 787 433 τὸν
804 368 1006 451 κενούμενον
1019 368 1125 431 τόπον

112 474 193 562 ἀέρα
225 475 583 542 ἀντικαταλλάσσεσθαι
611 475 667 539 διὰ
690 483 750 540 τοῦ
773 476 944 557 ὃιανγίου,
974 467 1043 538 εἶτα
1065 495 1122 536 κα-

112 583 219 668 θαρὸς
251 581 268 648 ὁ
301 577 392 659 οἶνος
419 582 582 667 βυήσεται.
624 579 727 660 ἔξεστι
753 577 791 646 δέ
817 578 873 645 καὶ
900 577 1122 666 προενχέαντα

59 708 99 748 ιιι
111 687 202 774 ὕδωρ
220 687 276 753 καὶ
294 690 586 774 προκαταλαβόντα
604 688 641 752 τὸ
661 687 816 769 ῦιαύνιον
836 683 840 772 λ
861 680 956 752 οἶνον
970 683 1122 769 έπιχέειν,

112 794 194 859 ὥστε
217 806 286 872 τοῖς
308 792 369 879 μέν
391 795 543 881 καθαρὸν
564 793 728 880 προέσθαι
752 789 857 878 οίνον,
881 784 930 869 οίς
948 788 985 857 δέ
1004 799 1122 877 κρᾶμα,
1149 818 1162 860 5

112 891 162 976 οἷς
184 897 221 965 δέ
244 899 299 966 καὶ
321 903 512 985 βουλόμεθα
535 899 712 984 ἐμπαίζειν,
734 899 835 986 ὕδωρ.

177 1292 456 1371 Κατασκευάζεται
480 1288 517 1356 δέ
538 1289 594 1356 καὶ
619 1302 744 1377 σφαῖρα
765 1293 861 1374 κοίλη
883 1288 903 1373 ἢ
927 1286 1040 1375 ἕτερον
1063 1287 1122 1372 ἀν-

110 1409 216 1482 νεῑον,
244 1400 291 1475 εἰς
318 1397 337 1463 ὃ
364 1394 508 1483 έχχυθέν
534 1399 642 1484 ὑγρὸν
668 1395 873 1476 ἀναπιέζεται
901 1397 948 1472 εἰς
974 1397 1012 1461 τὸ
1035 1394 1122 1472 ὕψος

110 1505 297 1590 αὐτόματον
313 1504 368 1570 καὶ
390 1507 470 1590 μετὰ
488 1509 563 1590 βίας
580 1510 714 1588 πολλῆς,
736 1505 820 1569 ’ὥστε
837 1512 905 1568 πᾶν
921 1508 1121 1586 κενωθῆναι,
1136 1529 1161 1570 ιο

109 1615 217 1677 καίτοι
239 1621 296 1696 τῆς
319 1620 425 1696 φορᾶς
448 1611 537 1699 αύτχῦ
559 1609 757 1695 γιγνομένης
779 1611 868 1695 παρὰ
889 1609 995 1693 φύσιν
1013 1609 1060 1685 εἰς
1081 1609 1121 1673 τὸ

88 1718 178 1782 Ιἀνω
202 1717 313 1803 μέρος·
335 1720 404 1782 ἔστι
427 1713 465 1781 δέ
487 1716 507 1799 ἡ
531 1718 713 1801 κατασκευὴ
735 1715 880 1799 τοιαύτη.

167 1822 275 1889 Ἔστω
304 1833 429 1908 σφαῖρα
456 1832 609 1908 χωροῦσα
636 1823 681 1900 ὡς
706 1823 847 1898 κοτύλας
869 1820 917 1906 ἐξ,
944 1822 981 1887 τὸ
1005 1831 1121 1906 τεῦχος

110 1933 231 2014 ἔχουσα
261 1938 322 1994 τοῦ
354 1928 534 2014 έλοίσματος
562 1933 709 2015 στερεόν,
742 1931 825 1995 ὥστε
853 1927 1034 2014 ὑπομένειν
1060 1931 1121 2014 τὴν

109 2036 297 2121 μέλλουσαν
318 2046 379 2103 τοῦ
402 2033 498 2122 ἀέρος
520 2040 656 2120 πίλησιν
677 2035 848 2120 γενέσθαι·
872 2038 953 2101 έστω
977 2032 1014 2101 δὲ
1037 2037 1119 2122 αὕτη
1135 2062 1161 2103 15

109 2142 219 2226 ἡΑΒ
248 2142 380 2228 κειμένη
409 2141 466 2208 ε’πί
489 2167 580 2220 τινος
606 2143 828 2228 ὑποσπειρίου
850 2151 911 2207 τοῦ
935 2146 974 2207 Γ·
997 2165 1120 2228 τρυπη-

109 2253 225 2332 θείσης
248 2247 285 2315 δέ
308 2250 408 2334 αὐτῆς
430 2251 512 2315 κατὰ
534 2250 571 2315 τὸ
595 2251 664 2314 ἀνω
681 2247 786 2334 μέρος
810 2249 919 2331 σωλὴν
942 2250 1077 2315 ὃιώσθω
1101 2249 1119 2316 ὁ

109 2361 179 2419 ΔΕ
204 2355 334 2439 ἀπέχων
360 2355 424 2421 ἀπὸ
447 2365 507 2421 τοῦ
530 2357 612 2420 κατὰ
635 2357 812 2442 διάμετρον
833 2357 938 2420 τόπου
960 2365 1020 2421 τοῦ
1043 2380 1120 2443 τρυ-

108 2510 207 2581 κρῦμα
234 2499 283 2561 διὰ
310 2500 342 2563 τὸ
367 2501 409 2574 εἰς
431 2499 483 2561 τόν
504 2500 686 2581 κενούμενον
708 2501 800 2563 τόπον
823 2497 894 2581 ἀέρα
916 2500 1116 2583 είσκρίνεσθαι

110 2589 159 2650 διὰ
186 2599 238 2651 τοῦ
267 2589 415 2671 διαυγίον·
441 2589 512 2669 μετὰ
536 2587 568 2651 δέ
590 2588 622 2650 τὸ
645 2587 809 2670 ἐκχυθῆναι
832 2588 863 2650 τὸ
886 2589 968 2671 ύδωρ
991 2586 1116 2671 ἀκρατος
1131 2612 1157 2652 εο

110 2675 126 2738 ό
150 2670 232 2751 οἶνος
254 2677 399 2760 βοήσεται.
439 2677 529 2752 ἔξεστι
551 2675 584 2739 δέ
605 2677 656 2739 καὶ
677 2676 874 2759 προεγχέαντα
890 2677 923 2740 τὸ
941 2679 1033 2760 ύόωρ,
1057 2671 1119 2740 εἶτα

108 2766 310 2847 καταλαβόντα
345 2765 377 2828 τὸ
410 2768 546 2848 διαύγιον
577 2761 663 2829 οἶνον
693 2765 831 2848 έπιχέειν,
867 2766 939 2829 ὥστε
969 2773 1031 2841 τοῖς
1063 2765 1118 2848 μὲν

108 2855 244 2936 καθαρὸν
266 2854 412 2937 προέσθαι
434 2851 533 2935 οἶνον,
561 2849 606 2928 οἷς
621 2853 662 2916 a}
684 2865 797 2937 κρᾶμα,
825 2849 870 2928 οἷς
893 2853 925 2917 δὲ
947 2856 1118 2936 βουλόμεθα

108 2943 262 3024 ἐμπαῖξαι,
287 2945 376 3026 ὕδωρ.

176 3048 196 3095 a
216 3038 265 3114 70,
282 3037 421 3111 13-72‚
437 3036 478 3093 14
493 3029 589 3094 Ἔστω
608 3039 720 3115 σφαῖρα
739 3079 745 3093 .
761 3077 790 3093 ..
810 3030 944 3108 διέξοδον
963 3060 1004 3082 =
1025 3030 1047 3095 b
1067 3038 1117 3113 70,
1132 3053 1158 3094 τε

111 3126 250 3201 26-72,
265 3126 320 3183 27:
335 3119 431 3184 Ἔστω
455 3127 566 3203 σφαῖρα
588 3132 722 3203 χωροῦσα
743 3118 783 3195 ὡς
800 3122 926 3195 κοτύλας
948 3117 989 3201 ς’,
1012 3121 1118 3205 ἔχουσα

109 3209 141 3272 δὲ
165 3211 196 3273 τό
216 3221 317 3293 τεῦχος
334 3221 386 3273 τοῦ
404 3210 564 3290 έλάσματος
583 3211 709 3292 στερεόν,
732 3210 804 3271 ὥστε
823 3208 953 3292 ἀντέχειν
970 3211 1045 3292 πρὸς
1063 3212 1127 3291 τὴν

108 3298 273 3379 μέλλουσαν
303 3300 440 3382 γίνεσθαι
471 3300 591 3379 πίλησιν
623 3310 676 3362 τοῦ
706 3297 805 3381 ἀέρος·
837 3298 887 3360 καλ
913 3298 985 3362 ἔστω
1012 3297 1031 3380 ἡ
1060 3307 1119 3364 AB

108 3387 228 3469 κειμένη
247 3388 297 3451 έπί
312 3413 393 3463 τινος
411 3387 606 3470 ύποσπειρίον
624 3397 677 3450 τοῦ
696 3391 732 3448 Γ·
755 3388 958 3469 τρνπηθείσης
977 3386 1009 3450 δέ
1027 3390 1119 3472 αὐτῆς

107 3476 237 3539 κατὰτὸ
260 3475 323 3540 ἀνω
347 3478 434 3561 μέρος
457 3477 554 3556 σωλὴν
578 3476 698 3539 διύσθω
721 3473 738 3537 ὅ
761 3480 823 3538 ΔΕ
846 3474 961 3557 ἀπέχων
983 3475 1042 3540 ἀπὸ
1065 3490 1118 3542 τοῦ
1134 3495 1160 3536 ιο

107 3565 278 3647 πυθμένος,
302 3567 373 3631 ὅσον
395 3568 482 3629 ύδατι
505 3567 660 3649 όιύρρυσιν
682 3560 773 3645 εἶναι,
795 3563 944 3649 ύπερέχων
967 3563 999 3627 δέ
1022 3569 1064 3640 είς
1086 3569 1118 3630 τὸ
