2574 3918
152 215 218 280 486
301 217 471 270 Pflmoms
489 217 538 268 DE
557 215 716 269 munaus
735 216 1014 271 SPIRITUALIBUS.

153 377 252 444 situm
270 377 320 443 ori
338 377 457 443 canalis
476 377 678 463 egredientis,
696 376 819 442 sedicet
842 377 881 462 P,
903 376 949 443 ita
973 377 1060 462 quod
1081 400 1174 463 aqua

152 506 302 550 emanans
316 507 336 549 a
350 484 383 550 P
394 484 519 550 decidat
533 484 568 548 in
586 484 700 568 ipsum.
742 484 865 568 inpleto
883 483 985 572 igitur
1002 506 1076 548 vase
1095 486 1176 550 AB

153 590 326 656 seeundum
353 589 557 656 altitudinem
584 587 617 656 R
643 594 676 655 et
703 591 869 656 obstructo
898 613 952 656 ore
980 590 1048 656 eius
1077 593 1171 676 quod

153 702 201 763 est
226 697 259 784 0,
283 698 385 764 exibit
407 720 490 783 aqua
513 719 571 782 per
594 696 626 761 P
647 697 681 761 in
705 720 760 763 uas
787 697 903 782 GHZ,
927 720 1094 783 quousque
1116 699 1169 764 in-

152 803 287 888 pleatur.
333 807 365 868 et
387 805 444 870 fiet
468 801 598 868 omuino
621 804 684 868 hoe
706 802 741 867 in
768 825 856 888 vase,
883 808 920 868 ut
946 803 981 868 in
1008 803 1169 889 predicto.
1200 825 1217 868 1

615 997 693 1063 XIV

217 1113 261 1177 Et
280 1083 321 1177 ad
338 1112 424 1178 idem
443 1113 522 1180 fiant
541 1135 617 1180 vasa
635 1113 713 1179 talia
731 1114 802 1180 AB
818 1118 850 1179 et
871 1113 980 1180 GHZ
998 1136 1071 1180 uum
1095 1116 1168 1183 suia

151 1220 314 1285 canalibus
343 1220 456 1306 Peli,
484 1220 588 1287 CDE
614 1221 747 1286 omnine
776 1226 813 1286 ut
844 1221 948 1307 priua,
979 1223 1043 1287 uisi
1076 1224 1170 1308 quod

151 1325 374 1411 interponatur
396 1328 501 1412 paries
525 1326 591 1394 ST.
637 1327 759 1413 inpleto
783 1328 885 1416 igitur
907 1351 980 1393 vase
1003 1329 1074 1396 AB
1095 1329 1168 1396 fere

147 2963 248 3026 usque
262 2942 303 3006 ad
317 2941 350 3008 P
367 2945 399 3006 et
417 2940 486 3007 eius
506 2964 560 3007 ore
580 2944 745 3008 obstructo
765 2944 851 3028 quod
869 2943 913 3008 sit
936 2943 970 3029 Ο,
989 2943 1159 3010 descendet
1173 2966 1201 3006 10

147 3069 230 3133 aqua
252 3071 309 3134 per
332 3048 397 3116 01)
420 3070 570 3114 emanans
593 3050 634 3115 ad
656 3051 690 3116 Ε
711 3053 742 3115 et
765 3049 812 3114 ibi
835 3050 1020 3116 subintrans
1044 3051 1078 3115 in
1101 3073 1158 3117 vas

149 3155 266 3242 ΘΗΖ,
290 3157 390 3222 donee
413 3153 579 3240 perveniat
603 3157 643 3221 ad
664 3157 705 3241 R,
728 3160 761 3221 et
783 3157 830 3222 ita
852 3156 914 3222 erit
936 3161 972 3222 ut
993 3157 1094 3241 prius.

615 3351 685 3418 XV.

93 3482 132 3522 eu
212 3463 294 3529 Item
313 3467 370 3530 fiat
393 3488 448 3530 vas
472 3467 560 3531 aliud
582 3489 646 3530 una
669 3468 836 3550 superficie
859 3471 1047 3533 contentum
1071 3468 1158 3552 quod

41 3591 52 3600 ·
146 3568 189 3632 sit
202 3569 311 3654 ABG,
324 3571 502 3655 habeatque
516 3595 535 3638 a
548 3572 702 3637 lateribus
718 3573 842 3639 duobus
861 3574 985 3640 canales
1005 3579 1156 3640 exeuntes
1172 3591 1198 3634 1⁵
