2596 3886
150 145 216 210 286
269 147 418 200 Ηεοαοε
437 142 702 205 mmmm
720 122 990 197 mmmm
1007 147 1039 198 B.

149 311 301 392 στόμιον,
328 306 383 373 καλ
410 307 548 392 ἀφῶμεν
574 308 633 373 τὸν
660 312 694 371 Δ
719 310 872 392 κρουνόν.
922 305 1071 391 φανερὸν
1098 299 1161 370 οὖν

150 415 200 480 ὅτι
219 413 260 480 ού
279 414 389 500 ρεύσει
408 415 426 480 ὁ
446 409 538 490 οίνος
556 415 613 479 διά
630 415 667 478 τὸ
686 414 881 498 μηδαμόθεν
894 409 975 497 ἀέρα
989 411 1159 477 δύνασθαι

149 524 367 608 εἰσκριθηναι.
423 520 503 585 ὅταν
539 515 576 584 δέ
612 518 801 603 κατάξωμεν
836 519 873 584 τὸ
906 523 937 582 Ρ
964 519 1067 604 ἀκρον
1098 527 1159 584 τοῦ

147 631 302 712 κανόνος,
330 628 551 714 ἐπαρθήσεται
574 625 673 712 μέρος
695 650 727 691 τι
750 635 807 720 τῆς
829 625 1018 710 κλεψύδρας
1040 622 1076 690 έκ
1098 634 1159 690 τοῦ

147 734 278 818 ύδατος,
300 732 355 799 καὶ
378 736 611 818 γυμνωθείσης
633 741 690 815 τῆς
712 735 741 796 0
763 731 932 815 ἀναπνοῆς
954 731 1066 817 ψεύσει
1088 731 1107 796 δ
1126 736 1159 795 Δ
1185 747 1201 789 5

146 844 299 927 κρουνός,
323 842 418 926 ἀχρις
440 838 482 904 ἀν
504 839 542 904 τὸ
566 835 789 925 μετεωρισθὲν
811 849 850 925 τῇ
873 838 1044 924 κλεψύδρα
1066 837 1158 923 ὕδωρ

147 946 358 1032 ἀπορρεύσαν
376 943 539 1031 ἐπιφράξῃ
558 947 619 1028 την
639 949 667 1009 0
685 945 866 1029 ἀναπνοήν.
898 945 957 1011 ἐάν
974 941 1012 1009 δὲ
1029 945 1132 1010 πάλιν
1152 942 1156 1032 Ι

94 1071 133 1112 ιω
146 1055 379 1138 πληρωθείσης
409 1061 467 1135 τῆς
498 1053 685 1137 κλεψύδρας
716 1052 908 1136 κατάγωμεν
935 1052 972 1117 τὸ
1001 1056 1032 1115 Ρ
1054 1053 1158 1137 ἀκρον

146 1158 248 1225 πλέον
272 1158 292 1243 ἢ
316 1160 353 1224 τδ
375 1161 553 1244 πρότερον,
580 1162 719 1223 πλείονα
741 1161 866 1244 χρόνον
888 1157 1036 1243 έκρεύσει
1058 1157 1096 1221 τὸ
1120 1155 1157 1221 έν

146 1275 185 1352 τῇ
217 1267 387 1352 κλεψύδρμ
418 1261 641 1350 μετεωρισθὲν
672 1264 792 1350 ὑγρόν,
827 1266 911 1330 ὥστε
942 1261 997 1329 καὶ
1029 1262 1065 1328 έκ
1096 1271 1157 1328 τοῦ
1171 1288 1200 1328 10

145 1381 292 1458 κρουνοῦ
315 1371 417 1438 πλέον
440 1372 605 1458 ῥυήσεται.
647 1370 705 1437 έάν
728 1367 765 1436 δέ
787 1369 842 1436 καὶ
866 1371 925 1454 ὅλη
948 1370 1157 1456 ἡκλεψύδρα

146 1486 366 1565 μετεωρισθῇ,
394 1483 506 1564 πολλῷ
533 1477 636 1543 πλέον
663 1478 827 1564 ρυήσεται.
873 1477 929 1542 ἵνα
956 1470 1019 1541 οὖν
1046 1477 1090 1562 μὴ
1117 1484 1156 1562 τῇ

145 1584 231 1671 χειρὶ
257 1586 450 1671 κατάγομεν
476 1585 513 1649 τὸ
537 1589 568 1648 Ρ
590 1586 694 1670 ἀκρον
721 1593 782 1649 τοῦ
809 1586 964 1667 κανόνος,
993 1585 1084 1648 ἔσται
1106 1606 1157 1660 τις

145 1694 218 1757 λεία
235 1691 255 1775 ἡ
272 1696 303 1756 Φ
321 1689 577 1777 παραφερομένη
597 1688 634 1755 έν
652 1697 698 1778 τῷ
717 1689 810 1766 έκτὸς
827 1688 919 1776 μέρει
937 1698 997 1755 τοῦ
1016 1693 1157 1767 κανόνος

145 1834 300 1916 ἀφήσομεν
333 1834 364 1897 δὲ
396 1835 445 1898 καλ
477 1835 528 1898 τόν
555 1840 583 1895 Δ
615 1835 753 1918 κρουνόν.
805 1834 937 1917 φανερὸν
964 1826 1020 1897 οὖν
1048 1835 1092 1897 ὅτι
1119 1835 1156 1898 ού
1170 1854 1199 1895 15

146 1926 243 2006 ψεύσει
274 1923 290 1986 δ
323 1920 404 1998 οἶνος
437 1925 486 1986 διὰ
517 1923 549 1986 τὸ
582 1923 758 2006 μηδαμόθεν
790 1925 942 1986 δύνασθαι
968 1925 1157 2004 είσκρνθῆναι

145 2013 224 2096 ἀέρα.
261 2014 486 2097 ἀποφράττομεν
505 2013 561 2096 γὰρ
579 2012 629 2075 καὶ
643 2013 675 2075 τὸ
689 2017 726 2074 H
735 2010 855 2092 στόμιον
869 2022 922 2074 τού
935 2015 1001 2074 ΗΘ
1015 2018 1155 2093 σωλῆνος.

145 2103 216 2166 όταν
240 2100 272 2165 δὲ
294 2103 503 2184 καταγάγωμεν
524 2103 555 2164 τὸ
574 2107 601 2163 Ρ
614 2099 707 2184 ἀκρον
725 2111 778 2164 τοῦ
797 2101 935 2181 κανόνος,
957 2101 1156 2183 ἐπαρθήσεται

145 2191 232 2272 μέρος
258 2216 286 2254 τι
312 2201 364 2272 τῆς
391 2193 562 2273 κλεψύδρας
589 2191 622 2253 ἐκ
649 2201 701 2253 τοῦ
724 2191 847 2271 ύδατος,
874 2190 924 2253 καί
945 2191 1156 2272 γυμνωθείσης

144 2290 197 2361 τῆς
223 2284 249 2343 O
275 2280 429 2360 ἀναπνοῆς
452 2281 548 2361 ψεύσει
571 2277 586 2341 δ
610 2284 638 2340 Δ
659 2278 802 2362 κρουνός,
829 2277 912 2360 ἀχρις
934 2277 973 2340 ἀν
996 2277 1028 2340 τὸ
1051 2302 1155 2359 μετεω-
1170 2297 1198 2338 εο

144 2367 248 2452 ρισθὲν
281 2379 316 2454 τῇ
348 2369 501 2453 κλεψύδρμ
532 2369 613 2451 ὕδωρ
642 2367 828 2450 ἀπσρρεύσαν
857 2366 1016 2454 ἀποφράξη
1044 2367 1099 2447 τὴν
1130 2371 1155 2428 Ο

144 2457 307 2538 ἀναπνοήν.
366 2457 420 2520 έδιν
461 2455 493 2518 δὲ
528 2459 617 2518 πάλιν
652 2457 861 2540 πληρωθείσης
896 2465 948 2536 τῆς
983 2457 1154 2538 κλεψύδρας

143 2547 351 2628 καταγάγωμεν
374 2546 406 2609 τὸ
425 2551 451 2607 Ρ
469 2545 562 2629 ἀκρον
584 2544 673 2609 πλέον
691 2544 711 2626 ’ὴ
729 2545 883 2628 πρότερον,
905 2547 1028 2608 πλείονα
1047 2546 1154 2627 χρόνον

143 2634 273 2718 ἔκρεύσει
299 2635 336 2712 τὸ,
360 2634 393 2696 έν
420 2645 455 2720 τῇ
481 2636 635 2720 κλεψύδρμ
662 2633 856 2717 μετεωρισθὲν
884 2635 980 2716 ύδωρ,
1008 2635 1079 2695 ὥστε
1104 2634 1155 2696 καλ

142 2724 176 2786 ἐκ
207 2733 261 2786 τοῦ
291 2733 423 2806 κρουνοῦ
455 2723 544 2786 πλέον
576 2724 721 2805 ρυήσεται.
772 2724 822 2785 λ’να
854 2714 910 2785 ούν
942 2723 983 2804 μη
1015 2733 1051 2808 τῇ
1082 2723 1155 2804 χειρὶ
1169 2740 1198 2781 ιε

142 2814 313 2894 κατάγομεν
340 2812 373 2875 τὸ
400 2817 427 2873 Ρ
449 2811 542 2895 ἀκρον
569 2823 621 2876 τοῦ
648 2813 790 2893 κανόνος,
817 2811 889 2874 ἔστω
915 2835 960 2885 τις
987 2813 1050 2873 λεία
1076 2809 1096 2892 ἡ
1125 2815 1155 2872 Φ

143 2899 372 2984 παραφερομίνη
396 2901 428 2963 ἐν
451 2908 491 2988 τῷ
514 2901 596 2976 ἐκτὸς
619 2900 699 2984 μέρει
721 2911 774 2964 τοῦ
796 2901 924 2974 κανόνος
945 2907 985 2986 τῷ
1003 2905 1066 2962 PX.
1103 2900 1154 2963 καί

215 3115 228 3162 1
249 3109 378 3178 ἀφῶμενε
397 3108 416 3164 f.
432 3109 586 3180 ἀφήσομεν,
620 3109 654 3164 cf.
668 3107 717 3162 lin.
734 3113 767 3162 15
839 3114 855 3162 3
871 3108 890 3162 f.
907 3105 1087 3178 είσκρνθηναι
1103 3151 1108 3163 .
1124 3150 1153 3162 ..

142 3178 218 3235 όταν.
252 3179 286 3234 cf.
300 3179 349 3234 lin.
366 3185 470 3234 16-18
544 3180 610 3235 θτδ
630 3179 722 3235 om.'l¹
955 3181 961 3193 '

214 3363 247 3412 17
261 3355 478 3429 ἀποφράττομεν
493 3357 591 3426 scripsi
606 3356 789 3411 secundumL
801 3357 992 3440 (ολιίνναιιιαεμ
1008 3355 1155 3440 άναιμράτ-

141 3447 257 3516 τομενλ)
311 3445 570 3516 γάρΒΟΙειοιοΡ
623 3443 1155 3514 ΗΘεοήρεὶιηζΒεϊε·ΙακζΟΡ

178 3523 211 3572 23
225 3517 273 3572 καλ
288 3519 354 3571 ante
368 3519 485 3572 πλείονα
498 3515 613 3571 inser.L
628 3517 673 3587 (et)
735 3521 769 3569 26
785 3513 852 3570 ἔστω
867 3514 928 3570 BC:
944 3513 1021 3570 ἔσται
1032 3515 1067 3570 P:
1081 3517 1118 3571 sit
1131 3516 1153 3569 L

69 3614 108 3623 ⁴.-
