2604 3908
70 165 74 174 ’
143 193 207 258 330
261 195 410 248 ΗΡααοΣ
428 189 694 252 ΑΛΕΞΑΝΔΡΕΩΣ
712 195 980 249 ΠΝΕΤΜΑΉΚΩΝ
996 199 1027 250 Β.

106 383 108 388 ’
142 359 252 441 σωλὴν
274 354 387 442 φέρων
409 359 456 433 εἰς
478 358 539 440 τὴν
559 357 658 441 βάσιν
677 357 695 423 ὁ
715 359 832 441 ΗΘΚ,
855 356 965 443 ἕτερος
984 354 1021 422 δὲ
1039 359 1149 441 σωλὴν

142 465 198 530 διά
225 488 259 529 τε
284 472 342 547 τῆς
364 467 433 527 ΑΛ
457 462 597 549 ἐφέδροις
619 473 677 546 τῆς
699 464 825 547 βάσεως
846 462 901 528 καὶ
924 465 980 529 διὰ
1002 473 1062 529 τοῦ
1086 469 1149 528 ΕΖ

142 571 390 656 διαφράγματος
422 570 439 636 ὁ
468 574 585 635 ΛΜΝ
612 571 765 656 τρύπημα
796 573 882 656 ἔχων
909 567 992 656 ὑπὲρ
1020 573 1057 636 τὸ
1085 575 1149 636 ΕΖ

142 678 335 765 διάφραγμα
361 679 398 743 τὸ
425 677 462 751 Ξ.
507 677 618 764 ἕτερος
645 675 683 743 δὲ
710 680 820 762 σωλὴν
847 677 1149 763 συνεσμηρισμένος

142 785 231 873 αὐτῷ
259 788 340 851 ἔστω
369 784 387 850 δ
411 789 450 850 Π
471 782 527 850 καὶ
555 780 652 861 οὗτος
673 785 828 872 τρύπημα
850 787 935 869 ἔχων
956 785 1098 849 κατὰτὸ
1121 783 1152 857 Ξ
1177 801 1190 842 5

144 3033 296 3114 κείμενον
322 3029 359 3093 τὸ
379 3034 418 3112 Ρ,
445 3019 473 3117 ᾦ
496 3030 650 3114 συμφυὴς
673 3031 754 3094 ἔστω
778 3030 851 3112 ἤτοι
874 3030 951 3093 Πάν
973 3027 993 3112 ἢ
1016 3029 1096 3093 άλλο
1120 3050 1151 3092 τι

145 3137 264 3226 ζῴδιον
292 3137 418 3223 ῥάβδον
441 3139 525 3221 ἕχον.
572 3136 652 3201 ὅταν
674 3131 736 3220 μὲν
758 3131 820 3201 οὖν
844 3126 1153 3221 ἐπεστραμμένονῇ

144 3245 181 3309 τὸ
214 3243 333 3332 ζῴδιον
363 3245 446 3330 πρὸς
477 3246 514 3309 τὸ
547 3248 646 3330 ζῷον,
679 3242 719 3308 οὐ
751 3244 794 3327 μὴ
822 3245 881 3327 πίῃ
908 3243 1058 3328 καθάπερ
1086 3241 1152 3306 ὑπὸ

146 3354 256 3436 φόβου
282 3354 506 3436 κωλυόμενον·
535 3351 614 3415 ὅταν
642 3346 679 3415 δὲ
702 3349 911 3435 ἀποστροφῇ,
939 3350 1012 3413 τότε
1034 3351 1152 3413 πίεται.

146 3455 203 3522 ἐὰν
231 3453 293 3523 οὖν
320 3457 512 3543 ἐμβάλωμεν
535 3458 581 3533 εἰς
604 3457 640 3520 τὸ
665 3459 802 3519 ΑΔΕΖ
825 3454 960 3537 ἀγγεῖον
983 3455 1039 3519 διά
1061 3476 1153 3530 τινος
1167 3471 1194 3511 1⁰

76 3595 120 3608 Α
145 3567 353 3649 ἀνπήματος
384 3573 444 3630 τοῦ
474 3569 505 3629 Φ
532 3563 623 3648 ὕδωρ
651 3559 706 3626 καὶ
733 3563 835 3627 πάλιν
862 3559 1152 3644 ἐπιστεγνώσοιμεν
