2604 3908
147 159 212 224 346
249 163 398 216 muoz
416 157 616 220 ΔΛΕΞΔΝΔΡ.
633 163 721 216 ΠΕΡΙ
739 163 1158 224 ΔΊΤΟΜΑΤΟΠΟΙΗΤΙΚΗΣ,

148 321 281 399 πέλταις
308 323 325 388 ὁ
353 323 441 402 ἄξων
466 321 745 408 κατατεταγμένος
774 323 810 388 έν
836 333 882 411 τῷ
911 323 1087 412 ἡμιτονίρι,
1114 325 1161 402 ὡς

149 427 223 514 ἑξῆς
250 432 340 495 ἔσται
368 431 479 513 δῆλον.
524 431 632 495 πάντα
658 426 695 494 δὲ
717 440 819 496 ταῦτα
842 432 882 496 τά
904 431 1075 513 ὑπάγοντα
1098 432 1160 515 την

149 535 253 622 ἄρχην
280 537 439 622 λαμβάνει
466 546 523 620 τῆς
550 540 709 620 κινήσεως
736 538 792 602 διὰ
814 537 1003 620 ὕσπληγγος
1025 536 1045 620 ἢ
1069 541 1160 614 λείας

114 646 294 726 λμολιβης.
330 644 446 708 κοινὸν
468 641 508 707 δέ
528 641 596 707 ἐστι
619 652 680 707 τοῦ
703 652 877 720 κινοῦντος
895 641 950 710 καὶ
968 652 1029 708 τοῦ
1047 667 1160 709 κινου-

148 747 251 833 μένου
279 750 421 834 σπάρτος
448 752 569 833 ἔχουσα
596 751 657 834 την
684 746 746 834 μὲν
772 753 853 834 μίαν
879 749 985 836 ἀρχὴν
1006 750 1090 836 πρὸς
1112 758 1158 836 τῷ
1188 769 1202 810 5

147 865 298 920 κινοῦντι
319 855 594 941 προσδεδεμένην,
613 857 675 940 την
693 852 730 921 δέ
749 855 864 942 ἑτέραν
881 857 964 941 πρὸς
982 839 1028 944 τῷ
1047 880 1160 922 κινου-

147 958 235 1048 μένῳ
253 961 628 1048 προση<γκυ>λωμένηα
660 964 697 1027 τὸ
715 959 751 1028 δὲ
765 963 964 1046 κινούμενον
979 961 1066 1040 ἄξων
1080 961 1159 1047 ε’στί,

147 1064 223 1153 περὶ
251 1067 291 1132 ὃν
317 1067 337 1151 η
366 1069 508 1155 σπάρτος
534 1073 745 1156 περιείληται.
798 1076 843 1156 τῷ
872 1066 909 1133 ὑλ
937 1067 1030 1147 ἄξονι
1058 1086 1159 1156 προσ-

148 1172 307 1259 αραρότες
329 1173 393 1240 είσὶ
415 1178 539 1261 τροχοί,
553 1177 636 1241 ὥστε
650 1185 710 1240 τοῦ
725 1175 842 1254 ἄξονος
857 1175 1084 1262 στρεφομένου
1102 1175 1158 1242 καὶ

148 1279 419 1366 άπειλισσομένης
450 1290 507 1365 τῆς
540 1284 689 1367 σπάρτου
721 1281 966 1368 συστρέφεσθαι
995 1280 1050 1347 καλ
1080 1286 1159 1361 τοὺς
1173 1304 1202 1344 ιο

87 1437 89 1441 -
147 1389 287 1471 τροχοὺς
318 1387 506 1473 έρείθοντας
538 1387 590 1454 ἐπὶ
620 1390 657 1454 τὸ
686 1389 818 1472 ἔδαφος.
866 1399 936 1465 τοῖς
965 1385 1001 1453 δὲ
1027 1401 1158 1475 τροχοῖς

146 1496 326 1578 περίκειται
367 1495 404 1559 τὸ
440 1504 501 1560 τοῦ
541 1494 728 1578 ὑπάγοντος
764 1494 951 1579 αὐτομάτου
986 1500 1157 1561 πλινθίον.

111 1600 243 1664 8τάσιν
271 1597 308 1665 δὲ
334 1601 523 1684 ὕσπληγγος
549 1600 570 1684 ἣ
598 1603 700 1688 βάρος
728 1604 817 1677 λείας
845 1602 896 1667 δεῖ
922 1602 1006 1687 πρὸς
1033 1603 1073 1667 τά
1097 1603 1158 1667 ὅλα

146 1704 329 1790 ἡρμόσθαι,
358 1707 446 1783 ὅπως
472 1709 515 1792 μη
543 1718 781 1794 κατακρατηται
809 1709 881 1791 ἦτοι
906 1709 944 1773 τὸ
968 1710 1070 1795 βάρος
1093 1708 1156 1792 ἄη

140 1822 207 1883 ,τοῦ
229 1813 419 1897 ὕσπληγγος
441 1815 534 1891 τάσις
554 1814 620 1880 ὑπὸ
643 1823 704 1880 τοῦ
727 1818 896 1880 πλινθίον.
934 1816 968 1879 αλ
991 1811 1029 1880 ὑὲ
1048 1815 1083 1880 έκ
1100 1825 1158 1899 τῆς
1171 1835 1199 1876 15

146 1923 281 2004 πορείας
306 1922 452 2002 κινησεις
473 1924 624 2003 γίνονται
646 1932 762 1986 πασῶν
784 1932 851 1986 τῶν
879 1922 1033 2007 σπάρτων
1055 1939 1157 2008 προσ-

146 2026 390 2110 ηγκυλωμένων
416 2023 477 2111 μέν
503 2037 573 2104 τοῖς
600 2026 810 2112 κινουμένοις
839 2027 1011 2114 ὀργάνοις,
1039 2027 1157 2093 ἄποθε-

147 2131 294 2216 ὑεμένων
321 2130 357 2198 δὲ
385 2135 432 2210 εἰς
458 2135 520 2218 τὴν
549 2137 649 2198 λείαν.
699 2132 719 2216 ἡ
748 2130 785 2198 ὑὲ
813 2138 884 2199 λεία
911 2132 1001 2198 ἐστὶν
1030 2136 1067 2200 έν
1090 2158 1157 2218 τινι

147 2239 293 2325 σύριγγι,
316 2239 486 2325 ἁρμοστῶς
508 2238 563 2305 καὶ
586 2239 731 2317 εὐλύτως
753 2239 922 2324 δυναμένη
945 2244 1157 2324 καταβαίνειν
1205 2315 1208 2321 Δ

112 2346 194 2422 θείς
217 2347 329 2429 αὐτην.
366 2346 403 2412 έν
426 2343 463 2411 ὑλ
485 2356 524 2432 τῇ
549 2347 683 2432 σύριγγι
711 2345 764 2411 ἐπὶ
786 2343 848 2431 μὲν
870 2358 937 2412 τῶν
958 2347 1157 2430 ὑπαγόντων
1170 2367 1198 2408 ιο

145 2450 166 2534 ἢ
189 2450 325 2537 κέγχρος
348 2451 368 2535 ὕ
390 2463 480 2518 νᾶπυ
504 2452 697 2537 ἐμβάλλεται
720 2453 836 2517 διὰτὸ
859 2454 969 2538 κοῦφά
992 2477 1027 2518 τε
1050 2453 1157 2538 ἄμφό-

146 2580 224 2641 τερα
256 2553 341 2622 εἶναι
372 2556 427 2622 καὶ
456 2558 636 2643 ὀλισθηρά,
669 2558 706 2623 έν
733 2556 770 2623 δὲ
796 2569 866 2635 τοῖς
894 2571 1024 2636 στατοῖς
1051 2561 1156 2645 ἄμμος

144 2662 227 2749 ξηρά
251 2663 454 2748 ἐμβάλλεται,
478 2659 525 2729 ὧν
548 2664 730 2750 ἐκρεόντων
753 2666 809 2730 διά
831 2675 891 2731 τοῦ
909 2664 1081 2751 πυθμένος
1099 2674 1157 2750 τῆς
1201 2655 1202 2658 ¹

219 2862 232 2908 1
257 2855 332 2921 ἄξων
355 2871 385 2911 αι
409 2855 503 2924 ἄγκων
526 2855 554 2927 (i.
570 2871 593 2910 e.
613 2858 718 2926 ἀγκὼν)
742 2873 826 2926 supra
849 2856 961 2938 spripsit
981 2857 1069 2912 Parin.
1085 2863 1156 2912 2434

182 2925 420 3052 ”“’ἄιῗὲὕιᾶλῗέ
436 2942 467 3051 λε’
485 2926 706 3052 ὕέἶλῗῦὕᾶς
720 2929 793 3053 Mae}
804 2927 893 3053 ἄλλ·
904 2929 1060 3053 ἄὲἄέέι
1072 2929 1155 3054 ιωλί

147 3013 278 3123 ἶῦῗιεληω
292 3069 344 3124 v01.
355 3069 381 3122 Π
424 3075 440 3123 ε
455 3043 532 3150 ἐσται
546 3042 631 3150 amoq
641 3017 779 3138 Mf'ffi'ris.
789 3042 933 3193 ἔτρωσε,
948 3043 1025 3124 σεε.
1035 3070 1114 3125 σοι.
1124 3078 1155 3126 ιι

146 3138 178 3195 ἔτ
257 3145 305 3196 λον
325 3158 337 3193 ε
359 3139 416 3195 atio
434 3143 519 3194 mum
536 3140 594 3200 fere
612 3140 771 3195 htterarum
789 3157 818 3194 re
833 3142 887 3195 ‘cto
907 3157 931 3197 a.
970 3141 1003 3196 cf.
1021 3161 1047 3212 p.
1062 3147 1155 3210 404,9

182 3218 199 3265 4
218 3213 315 3267 κοινὸν
359 3235 365 3267 :
384 3213 480 3266 κοινὸν
500 3227 534 3265 ex
551 3213 645 3275 κοινὸς
659 3228 727 3267 corr.
742 3212 779 3266 A:
798 3212 929 3275 κοινόςΤ
983 3213 1033 3267 καὶ
1046 3210 1155 3284 AGT,;

145 3289 194 3352 τῆς
203 3281 236 3355 Τ,
293 3290 308 3337 7
322 3279 539 3352 προοηλωμένην
553 3298 579 3351 ιι,
594 3299 662 3336 corr.
672 3282 796 3337 Brinkm.
812 3282 873 3338 coll.
884 3301 908 3336 v.
921 3289 962 3338 16.
976 3301 1003 3352 p.
1014 3289 1075 3352 348,
1084 3290 1109 3337 4.
1122 3290 1155 3338 16

181 3393 197 3442 8
216 3390 388 3458 περιείληται
406 3389 448 3442 M:
466 3362 639 3457 περιείληᾶὑα
652 3389 690 3444 A:
709 3391 902 3457 περιείληπται
920 3388 972 3443 GT
1033 3395 1064 3442 11
1086 3385 1155 3457 έρεί-

146 3461 248 3521 δοντας
261 3459 337 3514 Leid.
348 3460 427 3514 Vulc.
443 3465 471 3514 4:
491 3456 680 3528 έρείδοντοςω
734 3455 781 3514 ἐπὶ
794 3476 847 3514 om.
863 3459 885 3513 T
944 3466 977 3513 12
996 3460 1155 3530 αὐτομάτου

125 3528 259 3598 scripsi:
288 3529 442 3601 αύτομάτο(
469 3546 499 3585 a:
528 3530 688 3600 αὐτομάτως
715 3530 744 3584 Μ
834 3536 867 3584 13
896 3530 999 3604 βάρους
1027 3546 1057 3586 a:
1085 3548 1154 3586 nort.
