2594 3892
144 164 207 227 122
262 164 411 216 ΗΡΩΝΟΣ
429 158 696 222 ΑΛΕΞΑΝΔΡΕΩΣ
714 163 985 216 ΠΝΕΤΜΑΤΙΚΩΝ
1002 165 1034 216 Α.

141 327 179 392 έν
197 319 225 413 ᾦ
244 326 462 411 έγχυθήσεται
481 325 498 390 6
518 319 622 400 οἶνος·
649 322 703 389 καὶ
723 322 766 388 δι’
785 323 983 410 ἀμφοτέρων
1000 336 1068 389 τῶν
1082 328 1153 408 ΓΔ,

140 438 204 498 ΕΖ
228 434 337 516 σωλὴν
359 435 441 498 έστω
466 432 483 497 6
503 434 611 495 ΗΘΚ
628 429 887 516 συντετρημένος
905 441 975 507 τοῖς
993 430 1153 517 ἐπιφροίγ-

139 558 242 624 μασιν
265 539 375 604 αὐτῶν
397 536 452 603 καὶ
476 535 794 622 συνεστεγνωμένος·
817 539 854 602 τὸ
878 533 915 602 66
933 541 997 602 ΕΖ
1018 537 1153 621 ἀγγεῖον

140 645 238 730 ἐχέτω
264 646 436 730 καμπύλον
459 646 591 727 σωλῆνα
613 645 673 708 τὸν
696 647 824 726 ΛΜΝ,
852 639 892 708 οὗ
915 645 952 709 τὸ
975 639 1037 728 μέν
1060 643 1152 720 ἐντὸς

139 751 255 829 σκέλος
278 751 421 836 ἀπεχέτω
444 760 504 815 τοῦ
527 748 698 834 πυθμένος
720 759 780 815 τοῦ
801 749 937 833 ἀγγείου
956 751 1036 816 ὅσον
1054 750 1151 815 ὕδατι
1178 771 1192 811 ε

139 860 331 944 ἀιάρρυσιν·
350 860 387 922 τὸ
406 853 443 921 δέ
462 855 576 942 έτερον
594 856 686 932 ἐκτὸς
705 856 940 940 έπικεκάμφθω
957 855 1012 921 καὶ
1026 856 1151 942 φερέτω

139 966 187 1040 εἰς
210 963 345 1047 ἀγγεῖον
368 962 481 1048 ἕτερον
503 964 540 1027 τὸ
560 961 632 1045 ΞΟ,
656 962 688 1041 ἐξ
713 958 753 1027 οὗ
777 964 887 1046 σωλὴν
906 962 923 1027 ὁ
944 966 1013 1027 ΠΡ
1026 962 1151 1048 φερέτω

139 1071 197 1134 διὰ
228 1071 362 1135 πάντων
393 1082 460 1134 τῶν
492 1069 634 1152 ἀγγείων
661 1068 681 1152 ἢ
709 1067 763 1134 καὶ
791 1068 1058 1154 ὑποβεβλημένος
1085 1070 1150 1134 ὑπὸ

139 1177 200 1259 τὴν
228 1175 330 1262 έθροιν
356 1188 423 1241 τῶν
450 1175 594 1260 ἀγγείων
620 1177 788 1259 τάσσεται,
816 1177 871 1240 ἵνα
898 1178 984 1241 κοίτω
1013 1175 1151 1260 φέρηται

139 1283 263 1369 ῥαδίως
291 1283 389 1359 αὐτὸς
417 1285 464 1359 είς
491 1286 527 1347 τὸ
550 1285 640 1369 παρά
662 1284 721 1348 τὸν
743 1282 899 1368 πυθμένα
921 1292 981 1348 τοῦ
1004 1287 1069 1347 ΑΒ
1093 1283 1151 1365 ἀγ-
1165 1306 1192 1345 ιο

139 1393 233 1472 γείου
251 1389 357 1475 μέρος.
398 1389 509 1476 ἕτερος
526 1387 564 1456 δὲ
583 1391 694 1473 σωλὴν
712 1389 729 1454 6
749 1394 814 1453 ΤΣ
830 1391 1063 1475 συντετρήσθω
1082 1401 1152 1466 τοῖς

139 1501 216 1579 AB,
236 1500 297 1561 ΓΔ
319 1495 477 1580 ἀγγείοις·
502 1495 598 1580 ἐχέτω
623 1492 660 1560 δέ
682 1493 736 1560 καὶ
759 1497 796 1560 τὸ
819 1499 881 1560 ΑΒ
905 1495 1040 1578 ἀγγεῖον
1062 1498 1151 1582 παρὰ

137 1605 198 1668 τὸν
220 1602 376 1687 πυθμένα
398 1606 600 1688 κρουνίσκον
621 1603 680 1666 τὸν
707 1607 739 1666 Τ.
786 1603 818 1667 οἱ
841 1597 878 1666 66
901 1606 977 1685 PII,
1004 1607 1033 1665 Τ
1052 1626 1151 1687 κρου-

138 1714 247 1774 νίσκοι
272 1706 671 1794 έμπεριλαμβοινέσθωσαν
693 1715 825 1794 κρουνῷ
844 1715 890 1795 τῷ
916 1713 986 1772 ΦΧ
1003 1709 1150 1774 κλειάίον

137 1819 263 1899 έχοντι,
291 1813 334 1879 δι’
363 1810 403 1880 οὗ
427 1814 661 1898 ἀνοιχθήσεται
683 1812 739 1879 καὶ
761 1817 1002 1898 κλεισθήσεται,
1025 1815 1150 1880 ὁπόταν
1164 1835 1190 1875 15

136 1922 383 2007 προαιρώμεθοι.
428 1921 556 1985 τούτων
579 1922 619 2004 δὴ
642 1920 979 1986 κατασκευασθέντων
996 1920 1050 1987 καὶ
1069 1921 1149 1987 ἀπο-

137 2066 154 2128 6
182 2061 275 2140 οένος·
303 2066 354 2128 καί
381 2061 421 2127 δι’
447 2065 622 2146 ἀμφοτέρων
648 2075 707 2127 τῶν
729 2071 798 2145 ΓΔ,
821 2071 879 2126 ΕΖ
908 2067 1006 2146 σωλὴν
1033 2067 1105 2129 έσιω
1132 2065 1147 2128 6

137 2159 237 2217 ΗΘΚ
268 2155 498 2238 συντειρημένος
529 2162 590 2228 τοῖς
623 2156 843 2236 διαφράγμασιν
874 2155 973 2217 αὐτῶν
999 2155 1049 2216 καί
1077 2174 1148 2217 σνν-

136 2244 362 2326 εστεγνωμένος·
390 2244 423 2306 τὸ
451 2243 482 2305 δὲ
505 2249 563 2305 ΕΖ
591 2242 709 2325 ἀγγεῖον
736 2243 820 2325 ἐχέτω
847 2246 1002 2324 καμπύλον
1031 2246 1149 2324 σίφωνοι
1244 2319 1248 2326 ¹

138 2334 189 2394 τὸν
208 2336 329 2412 ΛΜΝ,
352 2327 389 2394 οὗ
411 2332 443 2394 τὸ
467 2331 520 2412 μὲν
542 2332 625 2405 ἐντὸς
648 2331 748 2406 σκέλος
771 2331 897 2413 ἀπεχέτω
920 2343 973 2395 τοι)
991 2332 1147 2413 πυθμένος
1162 2350 1188 2388 2⁰

136 2431 191 2482 τοῦ
214 2421 348 2503 ἀγγείου,
371 2423 442 2483 ὅσον
465 2422 551 2483 λίάατι
575 2422 728 2502 διάρρυσιν
751 2417 839 2483 εἶναι·
868 2421 900 2483 τὸ
924 2419 956 2482 δὲ
979 2421 1077 2504 ἕτερον
1100 2421 1147 2483 ἐν-

137 2510 187 2583 τὸς
214 2509 428 2590 ἐπικεκάμφθω
454 2510 505 2572 καλ
532 2508 668 2590 φερέσθω
696 2511 738 2583 εἰς
765 2509 863 2592 ἕτερον
886 2508 1003 2591 ἀγγεῖον
1025 2511 1057 2572 τὸ
1081 2508 1148 2590 ΞΟ,

136 2597 167 2672 ἐξ
196 2592 233 2660 οὗ
261 2599 359 2678 σωλὴν
387 2597 403 2659 6
428 2603 488 2659 ΠΡ
512 2598 649 2680 φερέσθω
672 2598 732 2660 ὑπὸ
755 2598 810 2676 τὴν
833 2596 923 2680 ἕδραν
945 2600 1066 2660 πάντων
1088 2609 1148 2660 τῶν

138 2686 262 2768 ἀγγείων
284 2686 350 2769 ἀχρι
372 2687 422 2748 καὶ
444 2697 496 2749 τοῦ
515 2691 574 2748 ΑΒ
597 2687 723 2769 ἀγγείου.
765 2686 861 2768 ἕτερος
884 2685 916 2747 δὲ
937 2687 1035 2767 σωλὴν
1054 2686 1070 2750 6
1089 2693 1151 2749 ΣΤ

137 2777 345 2856 συντετρήσθω
371 2783 433 2849 τοῖς
456 2781 529 2855 ΑΒ,
552 2781 605 2837 ΓΔ
632 2775 770 2858 ἀγγείοις·
798 2775 882 2857 ἐχέτω
907 2773 938 2836 δὲ
960 2775 1010 2838 καὶ
1032 2777 1064 2839 τὸ
1087 2782 1147 2838 ΑΒ
1162 2792 1187 2832 25

136 2863 255 2946 ἀγγεῖον
282 2864 362 2947 παρὰ
389 2864 441 2926 τὸν
463 2864 603 2945 πυθμένα
626 2867 805 2948 κρουνίσιιον
828 2864 880 2926 τὸν
908 2869 936 2924 Y
954 2864 1083 2948 φέροντα
1105 2868 1146 2939 είς

136 2954 189 3015 τὸν
216 2959 278 3014 ΠΡ
306 2958 436 3034 σωλῆνα·
469 2952 485 3016 6
518 2952 550 3014 δέ
578 2958 640 3014 ΠΡ
668 2954 766 3032 σωλὴν
798 2952 883 3034 ἐχέτω
914 2955 1044 3035 κρουνὸν
1076 2955 1146 3035 μετὰ

135 3044 281 3122 κλειδίον,
318 3037 356 3103 δι’
387 3036 424 3105 οὗ
461 3042 668 3124 ἀνοιχθήσειαι
700 3042 750 3104 καὶ
781 3043 998 3124 κλεισθήσεται,
1036 3041 1146 3106 ὁπόταν

134 3133 361 3213 προαιρώμεθοι,
383 3132 435 3193 τὸν
461 3136 530 3194 ΦΧ.

136 3255 349 3263 ----..-—

208 3317 452 3391 2ἐπιφράγμασιν
471 3320 549 3392 Α,Τε
574 3320 785 3391 διαφράγμασιν
804 3318 872 3390 A1G
957 3319 1012 3374 4f.
1027 3322 1145 3389 σίφωνα.

135 3391 169 3446 cf.
189 3391 238 3446 lin.
259 3398 291 3446 19
377 3397 393 3445 6
418 3387 496 3455 έκτὸς
518 3393 555 3446 A:
580 3387 670 3460 έντὸς,
694 3407 764 3446 vex
782 3410 799 3444 κ
818 3406 899 3458 com,
919 3389 955 3444 G:
980 3387 1058 3454 ἐντὸς
1078 3391 1145 3462 A‚T

174 3469 206 3516 10
229 3463 307 3532 παρὰ
325 3462 434 3534 ΑΕ,Τ;
458 3463 522 3531 περὶ
541 3462 618 3533 (ᾖΤ,
707 3468 740 3514 16
763 3463 828 3529 post
849 3462 1053 3531 προαιράμεθα
1075 3462 1146 3516 haec

135 3533 193 3588 fere
213 3534 419 3588 desiderantur:
440 3531 623 3608 (ἐγκεχίσθω
643 3532 674 3587 δὲ
693 3531 741 3586 aad
760 3551 836 3594 τινος
853 3532 1029 3602 τρυπήματος
1047 3541 1096 3587 τοῦ
1119 3537 1150 3587 Ψ
