2604 3908
142 181 207 246 328
262 184 410 236 ΗΡΩΝΟΣ
428 181 695 243 ΑΛΕΞΑΝΔΡΕΩΣ
713 185 980 239 ΠΝΕΤΜΑΤΙΚΩΝ
997 188 1028 239 Β.

142 347 252 429 σωλήν
274 343 372 430 μέσος
396 344 651 431 έναρμοζάμενος
675 349 736 412 δύο
757 349 916 430 σωλήνων
935 348 952 413 ὁ
971 348 1151 434 κύλινδρος

141 461 201 518 τοῦ
227 476 261 518 τε
285 451 321 517 έν
343 459 390 540 τῷ
413 455 548 537 στόματι
571 461 630 518 τοῦ
654 454 773 542 ζῳδίου
795 452 850 518 καὶ
872 463 933 519 τοῦ
956 453 993 518 έν
1016 461 1061 541 τῷ
1085 453 1149 519 άπὸ

141 568 199 643 τής
235 567 335 644 τομής
370 568 430 623 τοῦ
465 561 630 643 τραχήλου
666 562 839 644 διήκοντος
876 562 922 637 εἰς
953 561 1013 625 τὸν
1045 560 1149 626 ὀπίσω

141 665 242 750 πόδα]
264 671 412 749 σωλήνος
431 663 485 729 καὶ
504 665 640 751 ἁρμόσει
658 675 704 754 τῷ
723 671 789 732 ΑΒ
807 669 914 751 θήλει.
954 669 1150 744 διελθόντος

143 774 183 856 δή
207 780 267 838 τοῦ
290 775 467 858 μαχαιρίου
490 769 534 836 δι’
562 772 643 838 ὅλου
666 783 725 838 τοῦ
748 775 913 860 τραχήλου
935 772 990 838 καὶ
1009 781 1068 839 τοῦ
1087 779 1151 838 ΕΖ
1179 795 1193 834 5

143 885 291 962 σωλήνος
319 877 532 963 ε’φαήιαμένου
559 878 755 966 ἀμφοτέρων
782 890 841 946 τοῦ
865 904 901 949 ,τε
923 886 955 945 Α
961 884 989 945 Β
1012 879 1067 945 καὶ
1089 890 1150 945 τοῦ

90 1005 129 1044 εεε
144 988 215 1068 ΓΔ,
237 983 241 1071 λ
262 985 291 1048 ελ
313 982 527 1069 προσενέγκοι
550 1008 601 1062 τις
622 985 714 1071 ὕδωρ
736 994 782 1074 τρῖ
802 985 871 1074 ζῴῳ
889 984 944 1050 καὶ
964 984 1151 1071 ἐπιστρέψει

142 1092 179 1155 τὸ
207 1090 426 1174 ὑποκείμενον
452 1098 498 1177 τῷ
525 1094 676 1180 βουκόλῳ
705 1095 884 1178 σμήρισμα,
912 1090 955 1157 δι’
984 1087 1024 1157 οὗ
1054 1110 1151 1179 στρα-

143 1196 262 1282 φέντος
284 1198 499 1283 καταρρεύσει
522 1199 558 1263 τὸ
582 1198 619 1263 έν
641 1208 679 1284 τή
702 1201 770 1264 άνοι
793 1201 884 1286 χώρα
901 1193 1007 1284 δχρὸν
1026 1201 1073 1276 εἰς
1091 1201 1152 1283 τήν

142 1307 244 1388 κάτω,
264 1305 338 1368 ,διδι
373 1313 433 1369 τοῦ
467 1307 665 1370 ΓΔΕΖΑΒ
705 1311 853 1390 σοιλήνος
884 1307 921 1371 τὸ
953 1315 1083 1390 πνεῦμα
1113 1307 1150 1371 τὸ
1166 1327 1194 1366 10

144 1411 322 1496 ἑλκόμενον
348 1411 414 1476 ὑπὸ
441 1419 501 1475 τοῦ
528 1410 766 1497 καταρρέοντος
794 1411 915 1488 ὕδατος
941 1411 1152 1478 ἐπισπάσεται

142 1520 180 1584 τὸ
212 1514 435 1604 προσενεχθὲν
466 1527 511 1604 τῷ
546 1520 682 1602 στόματι
713 1519 827 1603 ὑγράν.
876 1528 941 1584 νῦν
972 1517 1085 1604 μέντοι
1114 1521 1152 1584 τὸ

144 1629 309 1712 σμήρισμα
336 1625 605 1702 κατασκευάζεται
634 1623 752 1707 οὕτως,
784 1626 868 1690 ὥστε
895 1624 1153 1712 ἐπιστραφέντος

142 1741 203 1798 τοῦ
227 1733 392 1814 βουκόλου
414 1731 601 1812 κατάλληλα
624 1734 801 1813 γίγνεσθαι
823 1733 864 1796 τά
886 1735 1087 1817 τρυπήματα.

567 1994 731 2060 XXXVII.
1166 2017 1194 2059 15
1291 1995 1293 1999 ’

210 2123 361 2187 Λάναται
390 2116 427 2185 δὲ
454 2118 509 2184 καὶ
537 2121 643 2196 άλλως
670 2121 713 2204 μή
741 2120 948 2207 ὑπάρχοντος
974 2121 1153 2209 ἐπιρρύτου

142 2230 265 2305 ὕδατος
288 2229 325 2293 τὸ
349 2227 429 2292 αὐτὸ
452 2229 606 2310 γίνεσθαι
631 2226 744 2303 οὕτως.

201 2335 308 2401 Ἔστω
345 2335 441 2418 βάσις
472 2335 573 2399 πάλιν
606 2334 724 2416 στεχνή
756 2335 925 2399 πάντοθεν
957 2335 976 2418 ή
1009 2338 1153 2419 ΑΒΓΔ,

145 2443 339 2527 διάφραγμα
356 2439 458 2524 μέσον
477 2442 597 2524 ἔχουσα
615 2440 651 2504 τὸ
670 2444 744 2524 ΕΖ,
768 2441 785 2506 ὁ
805 2437 842 2505 δέ
861 2439 897 2505 ἐκ
915 2450 974 2506 τοῦ
994 2444 1153 2526 στόματος

212 2619 233 2666 a
260 2607 368 2665 8-14
401 2597 440 2664 δι’
466 2596 503 2665 οὗ
536 2631 595 2664 .·..
628 2602 663 2663 τδι
694 2603 867 2685 τρυπήματα
890 2601 978 2666 =b
1008 2608 1196 2665 21—24220

145 2694 251 2756 τούτου
279 2689 456 2773 στραφέντας
484 2692 672 2773 καταρρεύσει
698 2687 731 2752 τὸ
760 2690 792 2752 ἐν
815 2702 850 2777 τῇ
873 2691 936 2754 άνω
959 2693 1038 2778 χώρᾳ
1061 2691 1153 2776 ὑγρὸν

145 2784 187 2856 εἰς
210 2781 265 2861 τήν
287 2780 376 2859 κάτω,
399 2779 448 2840 διδι
470 2789 523 2841 τοῦ
546 2784 599 2840 ΓΔ
621 2780 671 2842 καὶ
693 2785 751 2840 ΕΖ
774 2780 824 2842 καὶ
842 2785 903 2842 ΑΒ
927 2787 1058 2862 σωλήνος
1082 2800 1153 2843 συν-

145 2871 304 2950 ελκομένου
327 2879 379 2931 τοῦ
398 2869 564 2948 πνεύματος
583 2866 640 2931 ὑπὸ
660 2877 713 2931 τοῦ
731 2869 942 2951 καταρρέοντος
961 2872 1080 2944 ὕδατος·
1103 2871 1153 2933 καὶ

144 2961 333 3024 ἐπισπάσεται
354 2954 386 3018 τὸ
410 2953 516 3043 ζῴδιον
539 2954 570 3019 τὸ
594 2956 790 3040 προσενεχθέν
813 2965 853 3043 τῷ
872 2959 991 3038 στόματι
1008 2959 1108 3042 δγρόν.

143 3108 357 3120 -—-—-—--

218 3210 233 3256 2
256 3201 275 3257 f.
296 3197 326 3256 έν
349 3207 386 3274 τῷ
410 3203 487 3272 (ante
510 3201 575 3267 ἀπὸ)
601 3199 654 3254 del.
679 3199 751 3255 cib
828 3206 844 3253 3
868 3199 1015 3270 διήκοντος
1037 3202 1076 3258 δι
1093 3201 1156 3268 διή-

146 3295 224 3330 κοντι
248 3289 266 3329 a
343 3274 447 3342 4p0st
469 3271 552 3339 θήλει
575 3271 705 3324 lacunam
728 3270 829 3326 statuit
851 3271 961 3326 Rochas
984 3272 1003 3327 1.
1018 3273 1036 3327 l.
1060 3291 1086 3342 p.
1102 3278 1155 3327 202

148 3347 242 3400 adnot.
258 3351 273 3398 3
347 3350 361 3397 7
378 3343 405 3398 ελ
416 3343 519 3415 ΑΤῙδε
534 3341 582 3396 καλ
597 3341 660 3413 (δΤ2
733 3339 914 3412 προσενέγκοι
929 3344 961 3399 b:
975 3341 1156 3413 προσενέχκει

147 3432 166 3471 a
184 3416 212 3486 (f.
233 3416 352 3484 corrupt.
372 3430 405 3467 ex
426 3412 620 3484 προσενέγκαι)
695 3409 908 3484 λέπιστρέήιειε
985 3420 1053 3468 8-9
1074 3433 1156 3483 στρα-

147 3485 249 3556 φέντος
261 3487 294 3541 b:
312 3483 479 3555 στρέφοντος
493 3499 511 3539 α
583 3489 615 3537 11
632 3482 817 3552 ἐπισπάσηται
831 3483 854 3536 Τ
927 3491 959 3538 12
975 3483 1070 3555 μέντοι
1084 3485 1155 3541 GM:

76 3586 106 3591 —
150 3554 225 3612 ιιέτοι
242 3557 279 3611 A:
304 3553 438 3626 μέτροιΤ
512 3560 544 3609 13
563 3553 798 3620 κατασκευάζεται
815 3554 856 3610 M:
881 3556 1157 3612 κατασκευάσεταιε,
