2596 3886
147 171 214 236 256
266 167 417 226 ΗΡοΝοΣ
435 147 702 230 mmmm
721 169 989 224 mmmmm
1007 170 1038 221 B.

609 367 696 432 XIX.

150 472 156 565 ¹.
213 492 363 577 Ἀγγείου
395 494 486 570 τινὸς
512 494 609 568 ὄντος
635 494 783 578 πληρους
810 498 907 558 οἴνου
933 489 988 556 καὶ
1015 491 1162 576 κρουνὸν

149 603 283 685 ἔχοντος
320 597 453 686 ῥέοντα,
490 598 570 664 ὅταν
606 597 786 684 ἐπιχέωμεν
821 595 875 662 ἐπὶ
906 597 967 662 τὸν
998 597 1163 683 τράχηλον

149 706 255 773 αὐτοῦ
277 706 409 773 κύαθον
431 705 563 789 ὕδατος,
586 704 697 771 ούκι-’τι
720 705 888 792 ρυησεται·
912 703 971 770 ἐὰν
994 699 1031 768 δὲ
1048 701 1163 789 ἕτερον

148 814 282 879 κύαθον
310 811 503 896 ἐπιχέωμεν,
533 813 606 877 τότε
634 813 789 897 ῥυήυεται
816 808 871 877 καὶ
899 810 999 888 αὐτὸς
1026 812 1090 876 σὺν
1116 817 1163 898 τῷ
1191 830 1204 872 ι

148 918 299 1007 προτέρῳ
326 919 443 1008 κυάθῳ
470 919 544 1002 ἤτοι
570 915 626 983 καὶ
654 919 687 984 ολ
715 918 777 986 δύο
804 918 928 983 κύαθοι
955 926 1015 982 τοῦ
1042 915 1164 994 ὕδατος

151 1025 184 1104 ἐξ
218 1023 339 1111 ἑτέρων
371 1024 433 1090 δύο
464 1036 625 1111 κρουνῶν.
674 1021 729 1090 καὶ
761 1025 842 1109 μετά
873 1025 911 1090 τὸ
943 1023 1095 1109 ἐκρεύσαι
1125 1022 1163 1086 τὸ

149 1132 243 1218 ύδοιρ
270 1133 371 1197 πάλιν
398 1130 416 1198 ὸ
444 1126 536 1209 οἶνος
559 1130 594 1197 ἐκ
616 1139 676 1196 τοῦ
699 1128 803 1215 μέσου
824 1139 972 1216 κρουνοῦ
995 1129 1164 1214 ῥυήσεται·

149 1236 327 1304 καὶτοῦτο
350 1240 456 1322 ἔσται,
480 1237 592 1315 ὁσάκις
615 1236 658 1303 άν
680 1236 890 1322 ἐπιχεόμευος
913 1236 1022 1322 ἐκρυῇ.

208 1344 316 1410 Ἔσται
344 1369 376 1410 τι
403 1343 539 1428 ἄγγελον
564 1344 602 1409 τὸ
625 1348 692 1408 ΑΒ
719 1346 797 1428 ἔχου
823 1341 899 1429 περὶ
926 1344 986 1408 τὸν
1008 1340 1164 1426 πυθμένα
1178 1363 1205 1403 10

150 1453 298 1537 κρουνὸν
329 1452 389 1516 τὸν
416 1453 449 1515 Γ
475 1450 531 1516 καὶ
560 1451 804 1536 διαπεφράχθω
836 1451 896 1516 τὸν
927 1450 1092 1536 τράχηλον
1118 1457 1165 1537 τῷ

151 1563 222 1623 ΔΕ
256 1559 496 1644 διαφράγματι·
534 1557 569 1623 ἐκ
606 1552 643 1621 δὸ
679 1565 740 1622 τού
772 1557 1022 1642 διαφράγματος
1054 1557 1166 1640 σωλὴν

150 1663 348 1730 άνατεινέτοι
372 1665 390 1730 ὁ
416 1667 492 1747 ΖΗ,
515 1661 591 1749 περὶ
604 1661 655 1728 -δν
677 1661 787 1749 ἕτερος
809 1666 1010 1748 περικείσθοι
1034 1660 1165 1746 ἀπέχων

151 1770 217 1835 άπὸ
239 1779 300 1836 τοῦ
320 1771 569 1856 διαφράγματος
587 1770 668 1835 ὅσον
686 1769 784 1834 ύδατι
802 1769 990 1855 διάρρυσιν,
1012 1770 1164 1856 καθάπερ

151 1874 207 1947 ἐπὶ
238 1888 306 1942 τῶν
336 1887 484 1941 πνικτῶν
516 1877 691 1960 διαβητῶν.
741 1876 877 1941 διώσθω
908 1871 945 1940 δὸ
971 1873 1027 1941 καὶ
1054 1873 1166 1961 ἕτερος
1180 1894 1206 1936 15

220 2053 241 2100 a
273 2043 358 2100 2-9
394 2033 526 2121 Ἀγγιίου
561 2037 642 2112 τινὸς
767 2038 857 2124 ἕκρυη
889 2066 931 2088 =
962 2035 986 2101 b
1021 2043 1165 2101 17-24:

151 2121 284 2211 Ἄγγελον
312 2125 398 2202 ὄντος
424 2129 556 2210 πλήρους
579 2128 665 2190 οἴνου
687 2127 737 2188 καλ
759 2126 888 2208 κρουνὸν
911 2128 1027 2209 ἔχοντος
1050 2126 1164 2212 ῥέοντα,

154 2217 225 2304 ὅταν
257 2214 400 2300 ἕγχὲωμεν
431 2216 480 2279 ἒπλ
510 2216 561 2279 τὸν
591 2217 734 2299 τράχηλον
766 2218 886 2279 κύαθον
913 2218 1036 2298 ύδατος,
1069 2215 1166 2280 οὐκέτι

154 2307 304 2387 ρυήσεται·
332 2305 385 2368 ἐὰν
413 2304 445 2368 δὲ
473 2305 570 2388 ἕτερον
596 2307 716 2368 κύαθον
741 2304 916 2387 ἐπιχέαμεν,
942 2305 1006 2369 τότε
1028 2306 1166 2390 ῥυήσεται

154 2394 205 2458 καὶ
231 2393 320 2468 αύτὸς
347 2396 404 2457 σὺν
431 2400 471 2480 τῷ
498 2393 629 2480 προτέρῳ
657 2395 764 2481 κυάθῳ
791 2391 857 2474 άμοι
884 2392 959 2476 δμοῦ
984 2395 1035 2458 καὶ
1057 2397 1089 2457 οἱ
1109 2397 1165 2459 δύο
1180 2410 1206 2450 2⁰

154 2484 268 2545 κύαθοι
293 2494 347 2546 τοῦ
374 2484 483 2558 ύδατος
510 2482 539 2559 ἐξ
567 2481 672 2566 ἑτέρων
698 2484 754 2545 δύο
777 2493 922 2566 κρουνῶν.
967 2484 1017 2547 καλ
1040 2485 1110 2565 μετὰ
1132 2485 1165 2547 τὸ

154 2569 291 2653 ἐκρεύσαι
321 2571 353 2634 τὸ
385 2574 466 2655 δδοιρ
497 2574 587 2635 πάλιν
619 2570 635 2634 δ
665 2566 748 2646 οἶνος
775 2570 807 2634 ἐκ
834 2583 888 2635 τοῦ
917 2571 1007 2654 μέσον
1035 2584 1165 2654 κρουνοῦ

155 2658 273 2742 άρξεται
295 2659 383 2744 ῥέειν·
407 2661 457 2724 καὶ
478 2671 564 2724 τούτο
582 2661 744 2744 γενήσεται,
767 2658 869 2736 ὁσάκις
887 2660 926 2724 δν
943 2664 1165 2746 προαιρώμεθα,

155 2744 214 2810 ἔστ’
239 2747 277 2812 άν
301 2750 438 2829 δηλονότι
460 2751 527 2825 ὅλος
549 2748 565 2812 ὸ
589 2744 672 2825 οἶνος
695 2749 794 2836 ἔκρυῇ.

227 2997 244 3045 3
263 2986 310 3046 ἔπι
328 2988 417 3061 ἕωμεν
429 2991 539 3064 AM„
559 2985 754 3063 ἔγχεάμονΤ.
788 2991 919 3046 similiter
931 2990 1007 3046 διὸ
1078 2997 1096 3044 4
1115 2993 1165 3046 αύ-

156 3071 205 3119 τοῦ
223 3061 292 3136 A,G
326 3086 333 3119 :
356 3080 408 3119 om.
423 3063 457 3138 A1
537 3070 553 3119 9
573 3062 703 3145 ὸὸμάκις
721 3033 757 3119 άν
776 3062 812 3188 ἓὸ
831 3062 960 3186 κύαθοςξ
979 3058 1164 3132 ἔπιχεύμενος.

157 3134 191 3190 cf.
210 3153 238 3205 p.
253 3139 345 3204 260,3
422 3130 507 3206 ἐκρυῇ
530 3151 640 3205 scnpsl:
666 3131 733 3207 ἐκρῆ
750 3135 776 3189 A
811 3129 922 3204 εέκρεῖ
1035 3138 1068 3187 10
1087 3133 1164 3204 περλι

156 3205 175 3261 f.
190 3206 275 3277 παρὰ.
309 3204 343 3259 cf.
360 3211 420 3276 226,
436 3211 477 3259 15.
498 3211 558 3274 238,
574 3211 608 3260 18

229 3408 262 3458 13
285 3399 453 3458 άνατεικέτω
472 3401 531 3457 κΒι
554 3396 747 3456 ἀνατεινέαθυ
766 3398 826 3453 CP:
848 3400 1051 3456 ιπλιιιδαλκνῑι
1134 3406 1167 3456 14

156 3472 304 3598 ἒέρρραιν
327 3471 439 3529 εἷνάιὸ
499 3477 553 3526 ’20
571 3470 645 3539 ἤτοιε
669 3472 717 3526 hoc
734 3477 773 3526 est
790 3471 892 3542 (simul)
910 3471 932 3526 L
1009 3478 1041 3527 21
1061 3471 1168 3570 κύαθον
