2598 3886
152 145 197 210 64
270 146 419 199 muoz
438 143 703 203 ΑΛΕΞΑΝΔΡΕΩΣ
722 143 990 198 nummum
1009 144 1041 198 A.

152 317 198 395 τῷ
226 307 315 394 αὐτῷ
341 309 451 394 τρόπφ
479 304 515 371 ἐκ
542 315 602 372 τοῦ
630 305 733 371 αὐτοῦ
759 305 961 391 <σφαιρίου>
989 302 1044 370 καὶ
1068 299 1164 371 οἶνον

152 410 207 479 καὶ
233 414 362 499 θερμὸν
390 409 445 480 καὶ
472 413 603 498 ψυχρὸν
629 411 684 477 καὶ
708 413 788 478 άλλο
811 437 853 495 τι,
876 410 894 476 δ
918 411 977 476 ἐάν
998 414 1163 498 προαιρῶ-

152 525 254 604 μεθα,
283 519 529 604 ἀναλαμβάνειν
550 542 586 584 τε
608 517 663 584 καὶ
685 521 874 605 προΐεσθαι,
897 518 1022 585 ὁπόσον
1044 516 1086 582 άν
1107 515 1163 582 καί

154 625 234 692 όταν
255 627 503 712 προαιρώμεθα,
525 628 690 691 πλειόνων
711 623 897 709 γινομένων
916 635 983 690 τῶν
1001 625 1164 709 διάφραγ-

153 733 265 816 μάτωυ
287 731 342 796 καὶ
364 743 432 797 τῶν
454 732 556 815 ὀπῶν,
579 730 622 797 δι’
645 726 693 796 ὧν
711 733 758 808 είς
777 729 916 815 ἑκάστην
933 732 1045 816 χώραν
1062 730 1080 796 ὁ
1099 729 1162 815 ἀὴρ
1189 746 1203 786 ⁵

153 841 371 923 παρεμπίπτει
397 836 453 902 καὶ
480 839 582 903 πάλιν
609 837 822 916 ἐξελαύνεται.
863 837 1002 901 δύναται
1029 831 1066 900 δὲ
1088 832 1163 899 ἀντὶ

153 955 221 1008 τῶν
243 941 509 1028 έπικεκαμμένων
529 946 674 1026 στομίων
691 944 885 1028 τρυπήματα
902 937 988 1008 εἶναι
1005 943 1084 1027 περί
1099 940 1162 1026 [τε]

154 1050 192 1113 τὸ
211 1057 326 1132 τεῦχος
343 1057 404 1113 τοῦ
423 1053 570 1131 σωλῆυος
588 1050 676 1134 παρά
693 1049 731 1113 τὸ
750 1049 818 1113 άνω
837 1046 935 1134 μέρος
953 1045 1098 1134 φέροντα
1116 1048 1164 1123 εἰς

153 1156 211 1230 τάς
229 1154 348 1240 χώρας,
367 1153 387 1218 δ
405 1155 447 1237 δὴ
464 1157 782 1238 καταλαμβανόμεθα
798 1164 867 1231 τοῖς
881 1154 1065 1237 δακτύλοις,
1084 1153 1164 1218 ὅταν
1238 1148 1240 1151 ’

154 1268 316 1342 στεγνοῦν
340 1259 547 1343 βουλώμεθα.
592 1258 688 1324 ἕνεκα
710 1256 748 1324 δέ
770 1268 830 1325 τοῦ
852 1260 896 1344 μὴ
918 1263 1100 1344 φαίνεσθαι
1123 1260 1163 1324 τά
1177 1276 1203 1316 1⁰

153 1366 260 1450 ἠθμία
277 1368 528 1451 περιληῦόμεθα
546 1364 716 1452 ἀμφότερα
735 1363 786 1430 εὐλ
803 1369 1058 1453 κρουνισματίφ,
1080 1366 1163 1430 ὥστε

154 1471 259 1548 οὕτως
286 1473 398 1537 δοκεῖν
425 1471 489 1536 άπὸ
513 1480 574 1537 τοῦ
598 1471 701 1537 αὐτοῦ
722 1481 868 1557 κρουνοῦ
891 1470 1060 1557 ἀμφότερα
1083 1471 1164 1556 ῥεῖν.

631 1682 686 1747 ΙΧ.

221 1807 502 1886 Κατασκευάζεται
525 1803 562 1872 δδ
580 1805 634 1872 καὶ
652 1808 818 1892 προχύτης
835 1805 937 1873 πλέον
954 1805 1009 1871 καὶ
1027 1808 1164 1871 ἔλαττον

155 1914 261 1999 ὑγρὸν
292 1913 467 1997 δεχόμενος
493 1910 548 1978 καὶ
575 1911 768 1999 προϊέμενος
796 1910 850 1980 διδ
878 1910 940 1998 μὲν
965 1911 1081 1996 πλέον,
1108 1908 1162 1978 ὁτὲ
1178 1929 1203 1970 ιε

154 2058 246 2134 ἔξεστι
274 2055 305 2120 δὲ
332 2064 372 2145 τῷ
399 2057 478 2143 αύτῷ
505 2057 603 2139 τρόπω
629 2056 662 2119 έκ
688 2068 741 2121 τοῦ
764 2059 855 2122 αὐτοῦ
879 2059 1019 2140 σφαιρίον
1043 2058 1099 2119 σῦν
1121 2063 1162 2143 τῷ

155 2153 257 2232 θερμῷ
283 2146 334 2208 καλ
358 2153 464 2232 ψυχρῷ
491 2146 542 2208 καλ
569 2121 652 2208 οίνου
680 2144 700 2227 ἢ
726 2147 777 2209 καλ
802 2145 872 2209 άλλο
900 2171 928 2220 τι
950 2146 1057 2228 δγρόν,
1084 2143 1162 2207 δάν

155 2235 381 2318 προαιρύμεθα,
408 2234 627 2317 ἀναλαμβάνειν
654 2257 683 2296 τε
709 2235 759 2297 καὶ
785 2238 959 2317 προΐεσθαι,
987 2233 1097 2297 ὁπόσου
1123 2233 1163 2296 διν

154 2324 206 2387 καὶ
225 2322 335 2385 ὁπόταν
352 2323 573 2405 προαιράμεθα,
594 2323 739 2386 πλειόνων
757 2322 922 2405 γινομένων
939 2334 998 2386 τῶν
1017 2324 1161 2404 διαφράγ-

157 2413 256 2493 μάτων
286 2411 336 2473 καὶ
366 2421 425 2473 τῶν
452 2409 549 2491 όπῦν,
581 2407 620 2474 δι’
646 2404 689 2474 ὧν
716 2411 757 2486 εἰς
784 2411 909 2492 ἑκάστην
935 2413 1032 2493 χώραν
1060 2409 1075 2472 δ
1104 2409 1161 2492 ἀὴρ
1176 2424 1203 2465 2⁰

156 2501 349 2582 παρεμπίπτει
378 2523 407 2561 τε
433 2499 483 2562 καί
509 2501 598 2563 πάλιν
626 2499 750 2583 έκχωρεῖ.
801 2501 925 2564 δύναται
952 2497 983 2562 δὲ
1011 2498 1077 2562 ἀντὶ
1102 2509 1162 2562 τῶν

156 2587 395 2670 έπικεκαμμέυων
425 2589 552 2669 στομίων
579 2587 657 2670 ὀρθὰ
685 2587 739 2670 μὲν
766 2583 856 2668 εἶναι,
887 2588 926 2663 ὡς
954 2587 1010 2670 ἔχει
1036 2587 1084 2650 ἐπὶ
1110 2597 1163 2667 τῆς
1290 2659 1291 2664 ¹

137 2685 139 2690 '
157 2676 293 2760 δευτέρας
311 2687 512 2758 καταγραφῆς,
529 2679 700 2759 τρυπήματα
719 2675 751 2739 δὲ
770 2672 846 2740 εἶναι
860 2676 923 2740 άνω
936 2677 1003 2758 περὶ
1015 2676 1048 2739 τὸ
1062 2685 1163 2757 τεῦχος
1245 2692 1248 2697 ’

157 2776 209 2828 τοῦ
237 2770 368 2845 σωλῆνος
395 2765 476 2846 παρὰ
501 2765 533 2828 τὸ
561 2765 623 2829 άνω
652 2765 738 2848 μέρος
765 2765 894 2849 φέροντα
920 2765 1035 2840 εἰςτὰς
1058 2765 1164 2846 χώρας,

157 2853 178 2916 δ
201 2853 237 2932 δὴ
260 2853 546 2935 καταλαμβανόμεθα
567 2862 628 2929 τοῖς
652 2856 815 2934 δακτύλοις,
838 2855 909 2917 ὅταν
932 2853 972 2934 μὴ
991 2855 1054 2937 ῥεῖν
1071 2852 1103 2915 τὸ
1121 2853 1163 2927 είς
1177 2865 1204 2906 ²⁵

156 2941 274 3022 ἐκείνην
304 2943 360 3022 τὴν
389 2942 486 3024 χάραν
517 2942 610 3025 ὑγρὸν
636 2944 822 3026 βουλώμεθα.
872 2941 957 3005 ἕνεκα
984 2940 1016 3004 δὲ
1043 2952 1095 3005 τοῦ
1123 2941 1163 3022 μὴ

157 3032 319 3111 φαίνεσθαι
349 3031 385 3092 τὰ
415 3031 588 3114 τρυπήματα
621 3033 847 3114 περιληψόμεθα
877 3041 968 3094 ταῦτα
999 3029 1044 3093 ἑνί
1073 3053 1164 3112 κρου-

156 3121 314 3207 νιοματίφ,
340 3119 412 3182 ὥστε
441 3120 533 3194 οὕτως
562 3121 661 3184 δοκεῖν
687 3120 745 3183 άπδ
772 3131 824 3184 τοῦ
847 3121 939 3184 αὐτοῦ
961 3129 1092 3200 κρουνοῦ
1114 3118 1165 3181 καλ

157 3207 308 3290 ἀμφότερα
329 3210 399 3292 ῥεῖν.

230 3369 243 3417 1
268 3360 445 3436 (σφαιρίον)
467 3360 580 3416 inserui.
613 3363 646 3417 of.
666 3360 763 3416 lin.16
852 3368 869 3416 4
893 3359 960 3416 ὅταν
983 3359 1037 3415 scri
1057 3359 1094 3415 si:
1117 3357 1162 3414 ὅτε

157 3431 233 3504 (δοελ
251 3434 287 3504 Α)
310 3433 346 3489 άν
368 3447 387 3488 ι
475 3431 674 3504 γενομένωνΤ
764 3438 779 3486 7
801 3432 855 3504 [τε]
874 3430 982 3486 seclusi.
1015 3430 1112 3486 c.lin.
1127 3436 1162 3484 23

195 3509 227 3558 11
241 3504 333 3574 λγθμία
347 3505 402 3577 M,:
422 3501 537 3572 δθμίαω
601 3504 803 3576 κροννιοματίφ
818 3519 852 3556 ex
865 3503 1047 3572 κροννίοματι
1059 3518 1127 3557 οοιτ.
1138 3502 1163 3554 A
