2594 3892
141 143 203 208 182
255 144 403 197 ΗΡΩΝΟΣ
421 141 687 201 mmmm:
705 142 972 195 mmmm
990 144 1021 196 Δ.

137 324 267 390 σονται,
294 305 445 390 καθάπερ
472 302 528 369 καὶ
554 304 677 369 αἰτῶν
705 305 890 387 βαλανείων
915 303 1021 389 θύραι
1046 302 1143 369 αὐτο-

137 413 245 498 μάτως
275 412 455 496 κλείονται,
486 410 506 495 ἣ
538 409 652 489 ἕξουσί
679 434 712 475 τι
742 407 943 493 άντισηκοῦν
975 410 1076 496 βάρος
1104 409 1142 475 τὸ

137 518 276 602 άνοάγον
302 518 411 595 αὐτάς.
456 520 653 602 σβεσθείσης
679 512 717 582 δέ
743 525 802 600 τῆς
822 519 945 593 θυσίας
966 514 1022 581 καὶ
1044 515 1142 601 έκχω-

136 635 276 712 ροῦντος
303 635 363 691 τοῦ
391 624 428 690 έν
449 632 495 712 τῷ
518 623 712 711 άσκωματίφ
735 624 944 699 εἰσελθόντος
966 621 1076 709 άέρος,
1104 623 1141 688 τὸ

137 735 169 796 A
191 733 293 818 βάρος
314 733 582 817 καταφερόμενον
600 731 664 795 σὺν
681 737 727 817 τῷ
745 728 911 814 άσκώματι
930 728 1141 795 ἐπισπάσεται
1168 746 1182 788 ο

134 835 191 903 καὶ
212 841 334 904 κλείσει
357 839 414 914 τάς
436 837 553 922 θύρας.

607 1011 673 1076 XL.

197 1135 349 1221 Ἀγγείου
367 1139 463 1214 ὄντος
480 1139 627 1224 πλήρους
646 1143 742 1202 οίνου
759 1134 814 1202 καὶ
831 1138 995 1224 κρουνοὺς
1009 1139 1142 1221 ἔχοντος

136 1254 225 1331 τρεῖς
256 1245 312 1310 διὰ
343 1240 405 1329 μέν
435 1253 495 1309 τοῦ
526 1243 629 1329 μέσον
657 1241 745 1330 ῥέειν
771 1244 831 1309 τὸν
858 1238 965 1309 οἶνον·
997 1243 1077 1308 όταν
1104 1238 1141 1308 δὲ

136 1351 227 1437 ὕδωρ
251 1349 439 1436 έπιχέωμεν,
463 1352 522 1416 τὸν
543 1346 605 1435 μέν
627 1345 723 1416 οἶνον
744 1348 859 1435 μηκέτι
881 1349 980 1436 ῥέειν,
1002 1348 1086 1415 ἀλλὰ
1103 1350 1140 1414 τὸ
1155 1368 1182 1409 ιο
1290 1408 1293 1411 ,

135 1457 227 1543 ὕδωρ
255 1457 312 1523 διά
337 1468 405 1522 τῶν
427 1462 552 1522 λοιπῶν
575 1457 637 1522 όάο
660 1467 827 1542 κρουνῶν·
854 1456 934 1521 ὅταν
956 1451 994 1520 δὲ
1016 1455 1141 1539 παύση-

91 1655 93 1660 ,
135 1587 189 1628 ται
220 1564 257 1628 τὸ
288 1563 380 1646 ὕδωρ
409 1562 501 1649 ῥέον,
533 1564 592 1628 τὸν
619 1557 714 1627 οίνον
741 1563 797 1627 όιά
822 1571 882 1627 τοῦ
909 1560 1012 1647 μέσου
1040 1559 1141 1648 ῥέειν·

55 3624 115 3640 4

134 1667 310 1735 καὶτοῦτο
333 1673 474 1753 γίνεται,
497 1668 610 1744 ὁσάκις
632 1667 675 1734 άν
696 1668 788 1755 ὕδωρ
811 1667 999 1753 έπιχέωμεν.

192 1773 300 1840 Ἔστω
318 1798 349 1839 τι
368 1774 503 1857 άγγείον
516 1775 553 1838 τὸ
568 1779 632 1838 AB
647 1773 937 1859 διαπεφραγμένον
950 1776 1010 1840 τὸν
1023 1776 1140 1860 τράχη-

135 1887 197 1948 λον
214 1891 260 1969 τῷ
276 1884 308 1946 Γ
304 1886 337 1946 Δ
355 1882 587 1968 διαφράγματι.
621 1881 704 1967 πρὸς
723 1877 760 1946 δὲ
776 1891 822 1968 τῷ
835 1881 982 1966 πυθμένι
995 1881 1141 1967 κρουνὸν
1154 1899 1181 1942 ιε

136 1986 233 2073 ἐχέτω
260 1988 319 2053 τὸν
341 1991 379 2052 E.
425 1988 481 2052 διὰ
509 1983 546 2052 δὲ
574 1996 635 2052 τοῦ
663 1988 911 2074 διαφράγματος
938 1989 1000 2054 δύο
1027 1991 1140 2054 καθεί-

135 2102 273 2162 σθωσαν
299 2099 444 2177 σωλῆνες
470 2094 502 2159 οί
527 2097 643 2177 ΖΗΘ,
665 2096 783 2158 ΚΛΜ
805 2095 851 2170 είς
874 2096 1039 2180 κρουνοὺς
1061 2093 1139 2160 ἀπο-

135 2201 307 2287 δεδομένοι
343 2198 398 2266 καὶ
433 2199 647 2286 ὑπερέχοντες
683 2201 751 2266 άνω
787 2209 847 2266 τοῦ
879 2201 1139 2287 διαφράγματος·

134 2345 215 2432 ἀσκῷ
242 2345 426 2419 εἰσελθόντος
453 2343 553 2427 ἀέρος,
582 2344 614 2407 τὸ
642 2351 673 2406 A
699 2346 790 2427 βάρος
817 2345 1056 2428 καταφερόμενον
1083 2347 1140 2408 σὺν

133 2442 174 2521 τῷ
197 2434 277 2520 ἀσκῷ
300 2434 486 2496 ἐπισπάσεται
507 2433 558 2496 καί
579 2435 685 2496 κλείσει
706 2433 758 2508 τὰς
781 2436 888 2516 θύρας.
929 2435 978 2497 δεῖ
996 2432 1027 2496 δὲ
1050 2435 1082 2497 τὸ
1106 2435 1139 2497 έν
1153 2451 1180 2492 κο

134 2531 174 2608 τῷ
206 2522 286 2609 ἀσκῷ
317 2525 476 2605 βαράλλιον
508 2524 669 2604 βαρύτερον
700 2517 777 2585 εἶναι
807 2534 860 2586 τοῦ
892 2521 991 2605 ἑτέρου
1018 2525 1140 2606 βάρους,

133 2611 174 2686 ὡς
197 2610 235 2673 &v
258 2610 520 2692 συμπτυσσομένον
542 2622 595 2674 τοῦ
618 2610 712 2674 ἀσκοῦ
733 2613 775 2686 είς
798 2610 904 2698 ἑαυτὸν
924 2622 1088 2700 κατακρατῇ
1107 2612 1139 2676 τό

134 2703 232 2782 μεῖζον
255 2711 308 2764 τοῦ
331 2700 491 2774 ἐλάττονος.

133 2815 345 2826 -η--ι

205 2877 220 2925 2
239 2869 257 2939 ἢ
276 2871 311 2927 T:
336 2868 363 2926 εί
378 2869 434 2925 AG
505 2876 521 2925 5
540 2876 555 2926 λ
572 2870 742 2944 Α6Τ,ιυς.ε
761 2870 857 2944 om.T1
922 2870 941 2926 f.
958 2866 1140 2928 ἐπισπάσεται

132 2943 189 3017 <τόι
215 2941 389 3015 άλοσείόια).
430 2940 465 2996 cf.
509 2948 600 3012 .118,
620 2948 653 2996 14
743 2948 776 2997 10
803 2942 878 3013 όόωρ
904 2943 936 2998 b:
964 2943 995 2998 τὸ
1022 2943 1098 3013 ὕδωρ
1121 2957 1140 2999 11

170 3020 202 3069 12
222 3011 296 3084 ῥέειν
309 3011 376 3067 AG:
396 3009 460 3083 ῥέον
569 3019 602 3068 13
619 3016 750 3082 γίνεσθαι
763 3013 797 3068 Η.
809 3013 933 3069 Schoene
1004 3013 1023 3069 f.
1033 3014 1082 3069 καλ

133 3083 285 3156 έπιχέωμεν
294 3086 358 3156 post
368 3081 425 3155 ῥέει
440 3088 499 3151 186,
511 3091 542 3139 11
551 3087 585 3140 tr.
605 3084 638 3139 cf.
648 3103 675 3154 p.
685 3090 795 3154 118,16.
811 3091 885 3154 82‚4.
901 3090 1011 3154 106,13.
1028 3091 1137 3154 110,11.

134 3162 195 3226 126,
204 3163 236 3210 19
245 3155 350 3227 passim
404 3161 507 3210 16-11
522 3158 724 3211 καθείσθωσαν
733 3157 768 3211 B:
782 3159 970 3211 καθίσθωσαν
980 3155 1138 3227 Αθρίσσ),

133 3227 156 3281 Τ
175 3244 190 3282 ε
209 3245 290 3283 corn:
309 3229 468 3282 κείσθωσαν
487 3226 588 3299 cm:
606 3228 782 3283 άίνκίλίωιιόων
799 3226 821 3280 L

205 3376 220 3424 9
244 3370 293 3425 τόν
316 3366 394 3424 οἶνον
418 3366 477 3439 ῥεῖν
500 3369 573 3424 ab
650 3373 683 3422 10
707 3365 766 3439 ῥεῖν
786 3367 808 3421 Ρ
886 3373 988 3422 11-12
1013 3368 1062 3424 διὰ
1083 3378 1138 3424 τῶν

135 3482 185 3496 ...
204 3441 253 3496 τόν
272 3438 350 3495 οἶνον
368 3457 421 3495 om.
435 3439 485 3494 BL
562 3445 595 3493 12
613 3439 698 3493 πάλιν
716 3438 765 3493 τόν
784 3437 831 3492 GP
906 3447 955 3493 τοῦ
975 3437 1137 3512 ΟΡΤ,ω3.ε

134 3527 186 3566 om.
201 3511 262 3583 BT1
328 3508 415 3582 ῥέεινε
430 3507 489 3581 ῥεῖν
502 3511 522 3567 b
586 3515 690 3563 11-18
707 3507 912 3579 άποδεθομένοι
926 3510 983 3566 aB:
1002 3511 1152 3567 ίιποὸιόό»
