2574 3918
158 200 225 264 488
308 201 479 255 morus
497 202 546 253 DE
564 201 725 254 INGENIIS
743 201 1020 256 SPIRITUALIBUS.

163 384 225 447 que
253 362 318 428 sint
346 362 424 446 ΘΒ,
452 362 527 428 ΒΕ.
579 366 611 427 et
638 362 754 426 habeat
782 363 924 427 canalem
952 368 1092 430 erectum
1120 367 1174 431 de-

159 469 362 534 scendentem
393 469 482 532 intus
512 469 545 532 in
578 490 633 533 vas
669 468 778 534 ΘΗΖ
805 470 941 534 firmiter
969 472 1004 535 in
1032 477 1172 558 utroque

158 597 308 641 vasomm
322 578 423 641 fixum
438 577 472 640 in
485 576 565 640 locis
580 576 610 640 L
623 579 656 639 et
670 575 719 660 M,
734 577 790 660 qui
808 577 851 641 sit
870 578 989 643 canalis
1007 580 1047 644 K
1047 581 1127 644 ΒΜ
1126 583 1171 666 N,

158 683 302 769 sintque·
326 683 483 767 particule
520 683 656 767 quedam
693 683 778 748 vasis
818 683 926 750 ΘΗΖ
958 686 998 750 ad
1038 687 1170 752 modum
1201 766 1204 772 Α

157 790 439 855 crucibuloruma
465 789 620 854 lateribus
649 794 800 855 exeuntes
829 791 979 856 subtense
1006 794 1171 859 canalibus
1204 809 1221 848 ⁵

157 895 231 981 ΘΒ,
245 896 323 980 ΒΕ,
342 917 467 981 queque
481 917 550 979 suo,
567 918 628 979 que
643 896 709 961 sint

160 1002 234 1087 GT,
244 1001 309 1068 ΒΖ.
332 1023 405 1066 cum
420 1002 522 1087 igitur
535 1002 707 1086 inpleveris

156 1132 240 1194 aqua
266 1130 322 1174 vas
345 1107 448 1174 ΑΒΘ
469 1109 575 1172 minus
599 1108 707 1173 altitu·
958 1140 971 1148 ·

155 1215 228 1280 dine
247 1214 290 1301 N,
313 1215 422 1279 effluet
445 1215 553 1299 liquor
575 1237 632 1298 per
651 1237 705 1298 op·
1211 1223 1214 1253 ³

154 1322 297 1407 positum
314 1320 377 1387 ΘΒ
396 1322 430 1386 in
445 1319 506 1387 ΘΖ
520 1324 552 1384 et
567 1342 623 1404 per
636 1321 706 1386 ΒΕ
1071 1391 1092 1423 ae

153 1429 188 1494 rn
214 1428 292 1514 cr,
316 1429 392 1494 hine
415 1432 447 1492 ee
469 1427 543 1491 rna
567 1427 703 1494 afluens
1107 1479 1132 1500 ,

153 1537 189 1606 in
207 1557 263 1601 vas
285 1535 397 1620 ΘΗΖ,
420 1535 521 1600 donec
539 1535 704 1620 perveniat
760 1494 972 1718 QZ&

153 1643 194 1708 ad
212 1645 391 1706 extremum
410 1642 529 1706 canalis
543 1642 621 1725 LK,
640 1664 703 1725 quo
796 1638 848 1705 Ἷ
925 1628 995 1707 sl-

153 1748 278 1833 repleto
308 1747 446 1812 cessabit
473 1748 632 1812 emanatio
663 1749 703 1812 ad
767 1755 769 1758 ’
845 1638 1004 1843 ΚΜ

153 1855 188 1920 D
211 1858 242 1918 et
265 1855 307 1920 Β.
351 1853 403 1938 sit,
428 1854 573 1940 inquam,
595 1855 703 1939 liquor

152 1961 188 2024 in
210 1981 284 2026 vase
302 1959 405 2026 ΑΒΘ
426 1961 541 2046 oleum,
564 1965 596 2025 et
616 1965 702 2045 apte·
896 1942 948 1994 Q
962 1944 1009 1984 ¹²²·

156 2070 210 2132 tur
232 2067 399 2152 lychnium
421 2067 455 2130 in
476 2088 549 2131 vase
571 2066 679 2132 ΘΗΖ
694 2066 745 2130 vel
763 2066 895 2151 papirus
913 2066 970 2130 ubi
988 2071 1037 2132 est
1056 2067 1172 2164 oleum,

158 2178 192 2239 et
224 2174 398 2239 secundum
428 2173 514 2258 quod
542 2172 680 2237 ardendo
709 2173 945 2257 consumpserit
972 2173 1011 2236 de
1039 2173 1109 2238 oleo
1136 2175 1172 2239 in
1208 2233 1212 2267 :

162 2279 274 2364 ΘΗΖ,
298 2280 467 2344 descendet
489 2279 645 2363 paulatim
669 2280 708 2343 ab
727 2279 829 2345 ΑΒΘ
850 2301 907 2364 per
924 2279 959 2344 D
982 2283 1014 2343 et
1031 2281 1071 2345 E.
1112 2281 1171 2346 hec

21 2394 22 2397 ’
158 2390 267 2450 autem
290 2390 322 2450 et
345 2385 487 2450 eiusdem
511 2385 637 2471 generis
661 2389 735 2450 sunt
759 2389 791 2449 et
814 2386 854 2450 ad
876 2385 961 2450 idem
984 2386 1100 2452 valent.
1185 2407 1214 2447 ao

622 2578 708 2645 XVI.

226 2702 309 2768 Item
341 2705 399 2768 fiat
431 2725 486 2768 vas
524 2704 725 2769 subforatum
762 2708 795 2769 et
831 2705 972 2770 canalem
1010 2705 1172 2770 subterius
1206 2675 1211 2714 ἶ

160 2811 295 2895 habens,
322 2813 359 2874 ut
383 2810 426 2875 sit
451 2809 491 2895 Θ,
519 2812 719 2895 quantalibet
742 2812 810 2876 eius
833 2816 924 2897 parte
951 2815 984 2876 et
1011 2812 1172 2896 quotlibet

162 2918 358 2983 disiunctum
375 2917 523 2982 claustris
539 2939 599 3002 que
615 2918 679 2982 sint
698 2919 739 3004 A,
748 2917 789 3004 B,
802 2916 834 3003 Θ,
843 2917 886 3004 D,
896 2917 937 3002 Β,
955 2970 962 2983 .
981 2969 987 2981 .
1007 2970 1013 2982 .
1033 2941 1169 3003 quorum

162 3024 330 3109 quodlibet
365 3022 408 3088 sit
445 3028 477 3089 et
513 3024 674 3089 subterius
711 3027 744 3088 et
781 3023 927 3108 superius
964 3024 1169 3109 perforatum.
1184 3046 1211 3086 aa

161 3131 278 3216 quibus
303 3131 439 3218 singulis
464 3131 662 3216 quibuslibet
684 3131 847 3215 liquorum
870 3131 1015 3216 repletis,
1038 3132 1066 3196 si
1088 3132 1170 3196 fora-

161 3238 250 3302 mina
280 3239 445 3322 superiora
478 3238 689 3321 obstruxeris,
718 3237 819 3302 nichil
849 3238 1011 3302 emanabit
1040 3261 1097 3323 per
1126 3239 1172 3302 in*

160 3344 286 3434 seriora.
334 3367 523 3429 quocunque
556 3367 632 3409 vero
665 3344 823 3428 superiori
855 3348 966 3428 aperto
1004 3344 1172 3410 descendet

156 3449 265 3532 liquor
279 3451 398 3515 effusus
418 3472 475 3534 per
494 3450 665 3534 subterius,
681 3471 831 3515 emanans
850 3473 907 3535 per
925 3451 1067 3516 canalem
1086 3439 1171 3516 vasis

38 3581 49 3583 ·’
156 3554 212 3635 qui
235 3559 284 3618 est
310 3556 348 3620 Θ.
1164 3579 1209 3624 :ro
